2416 4252
120 189 125 202 ,
271 136 327 214 aa
350 136 421 216 aa
436 135 618 290 sptrrrmt
834 151 907 244 403
1023 122 1042 158 ‘

9 300 153 382 oritatis
167 302 313 380 subinde
332 305 554 399 reperiantur
570 306 785 407 apocrypha,
801 333 904 399 vana,
1058 353 1062 362 =

20 404 158 480 nullius
175 404 269 482 fanan
286 405 479 490 dottrinae,
503 430 551 482 ne
564 407 610 482 iis
626 409 771 506 quidem
790 413 905 488 omni-

9 503 218 600 ·exceptis',
251 527 337 600 quaa
362 505 600 582 habenturad
625 508 760 622 calcem
777 509 904 586 Sacer·-⁴

9 605 96 680 talis
113 602 284 689 Romani,
321 601 429 702 cujus
452 605 531 680 libri
551 607 709 686 collatino
734 629 802 684 nec
828 609 903 706 ipe·
1023 663 1029 695 2

9 705 43 781 di
62 703 202 802 gaudet
217 704 472 801 ppprobatione
486 705 695 794 Pontificia,
726 731 794 784 nec
815 709 903 788 senr-

9 829 88 880 rex
108 802 228 890 certis,
254 805 292 883 dr
307 803 465 902 probatis
480 801 710 884 Auth'oribus
727 810 900 908 procedit.

37 955 84 1030 ΙΙ.
107 953 174 1032 Vis
187 953 481 1031 Exorcismorum
503 982 549 1032 ex
563 955 782 1034 institutione
798 953 1083 1038 chri-'Fmrna

26 1079 97 1130 non
114 1053 253 1142 idalio,
278 1077 387 1154 quam
403 1055 440 1132 in
461 1045 631 1160 pieniffima
640 1055 709 1160 fide
725 1070 802 1134 tum
821 1057 898 1134 Ex-
912 1040 1087 1134 orcam!

11 1153 107 1253 ciflrc,
132 1167 211 1230 tum
228 1151 434 1230 Exercizcti
451 1157 511 1232 sub
534 1157 679 1233 nomine
699 1157 781 1257 Jesu'
797 1159 898 1236 Chri·
914 1132 1046 1206 Emi·

9 1254 269 1330 constituenda
285 1254 354 1341 cst,
382 1255 420 1330 id
439 1257 536 1352 quod
556 1257 712 1352 expreffe
725 1257 762 1333 in
782 1257 900 1336 Evan-
912 1219 993 1287 ‘m'

12 1355 53 1428 iio
71 1369 244 1451 tanquam
260 1353 512 1438 neceffarium.
539 1357 577 1432 dr
593 1355 769 1433 sufficiens
783 1359 903 1459 requi·

10 1478 61 1530 ur.
101 1454 212 1530 Marc.
234 1461 290 1530 16.
311 1479 345 1531 v.
365 1477 420 1550 ¹7·
489 1452 595 1552 Signa
610 1467 720 1532 autem
745 1483 816 1545 ros,
848 1459 904 1555 qui

12 1551 175 1638 diderint,
194 1551 275 1628 'tac
292 1550 477 1654 sequentur.
534 1556 584 1630 Et
608 1555 738 1631 Morta
759 1581 815 1654 17·
842 1559 905 1657 tri-

11 1653 86 1729 itur
110 1652 360 1750 discipulorum
389 1654 545 1730 modicae
568 1655 672 1742 fidei,
701 1659 800 1754 quod
823 1659 904 1734 dae-

11 1755 125 1828 »nium
151 1750 281 1849 ejicere
305 1779 376 1828 non
393 1755 586 1852 potuerint.
614 1781 647 1833 v.
661 1779 717 1848 tp.
754 1755 904 1856 Propter
978 1831 979 1843 ,

9 1849 220 1930 nduiitatem
245 1854 401 1951 cadram:
433 1853 521 1930 item
544 1867 689 1955 propter
712 1855 903 1934 increduli-

9 1977 77 2031 :em
98 1951 294 2028 maximam
310 1952 404 2048 illius
422 1977 467 2052 po
494 1953 553 2030 uli.
579 1981 612 2034 v.
628 1963 683 2032 ιθ,
722 1952 756 2031 0
767 1982 903 2058 graccu-
962 1969 964 1974 '

19 2048 213 2128 increduto:
248 2055 285 2129 dc
307 2065 435 2155 propte
474 2054 762 2132 incredulitatem
791 2058 903 2154 patric

9 2177 53 2230 ua
73 2150 305 2230 daemoniaci.
332 2153 444 2230 Marc.
459 2178 493 2245 p,
512 2182 546 2232 v.
560 2181 617 2230 22.
665 2151 709 2231 Si
725 2167 819 2254 poter
834 2183 904 2232 cra·

10 2249 834 2430 t’attiiratii‘tdtttti‘itaddtf
856 2281 906 2436 ‘d
973 2380 978 2389 s
1014 2373 1019 2382 ·

10 2453 137 2534 unium
157 2450 228 2526 eiie
248 2451 439 2546 superflua,
466 2450 491 2526 fi
515 2464 617 2528 tutus
642 2451 792 2530 effettuc
818 2455 904 2535 fidei

10 2565 160 2630 matur:
187 2573 272 2626 nam
296 2551 533 2628 Exorcismus
552 2552 761 2651 requiritur,
788 2555 902 2634 utilia

10 2649 138 2750 posrtio
160 2649 246 2727 fidei
271 2649 437 2730 officiium
456 2651 590 2730 habeat
612 2677 660 2746 ex
682 2676 791 2751 opere
813 2678 902 2752 ope·

10 2778 58 2828 o:
100 2751 216 2828 oratio
239 2775 345 2838 vero,
379 2749 616 2848 &jejunium
647 2751 697 2828 est
721 2751 901 2850 dispositio

10 2854 139 2936 orata,
164 2849 249 2950 quia
265 2849 382 2928 oratio
398 2851 508 2930 fidem
528 2863 655 2949 auget,
682 2854 779 2932 unde
795 2868 899 2951 pater

10 2953 36 3032 ti
55 2951 278 3028 daemoniaci
294 2949 494 3048 subjunxit:
532 2947 637 3026 Credo
654 2947 814 3040 Domine,
838 2953 899 3029 od-

10 3079 31 3128 a
52 3047 313 3126 increduiitatem
338 3075 461 3128 meam:
500 3053 539 3128 dt
553 3049 715 3149 Apostoli
734 3049 819 3130 Lar.
840 3075 897 3152 17.

10 3175 32 3246 p.
62 3163 232 3230 orarunt:
264 3145 406 3248 Adaugc
432 3149 524 3227 nobis
535 3147 644 3251 fidem.

24 3295 91 3372 ΙΙΙ.
134 3292 175 3370 In
204 3293 427 3372 Exorcismis
449 3293 718 3392 procedendum
747 3293 801 3372 ost
824 3315 897 3391 per
913 3295 1072 3368 Prusdcu·

13 3397 108 3472 dum
134 3393 357 3496 compuifionis
386 3417 469 3470 cum
488 3393 750 3492 superioritate.
781 3416 825 3470 ac
843 3382 981 3467 itt-⁴¹m
998 3406 1057 3470 W

11 3494 181 3594 parione,
218 3495 365 3572 minime
383 3507 506 3572 autem
529 3493 791 3590 deprecamur,
827 3467 1029 3568 neem
1121 3559 1122 3563 a

11 3595 159 3672 ‚mou
180 3592 470 3684 truaconem.
503 3591 781 3682 apamenam
805 3557 1038 3728 icti-W
1081 3683 1085 3696 .

808 3716 894 3774 cau·
997 3724 1008 3756 ν
