2406 4248
277 121 333 213 De
357 136 428 215 uita
437 79 619 241 spirituali.
780 167 783 182 ·
844 163 919 238 309

52 301 200 390 teliestiui‚
227 301 278 368 seu
292 304 517 388 disciplicentia
538 310 577 372 de
594 307 695 372 aliena
715 305 855 380 miseria,
884 306 920 375 dt

53 391 198 464 voluntat,
219 408 288 452 eam
301 387 503 472 sublevandi,
534 394 695 457 aratione
714 391 831 458 diretta
851 393 919 476 spe'-

52 475 124 539 ciniis
136 475 234 538 vtum
250 472 303 542 eu
347 472 450 538 Astus
466 475 687 541 misericordiae
709 475 753 540 est
769 475 921 562 eleemosy-

52 577 96 628 na,
115 559 160 621 seu
174 577 270 640 opus,
291 577 355 642 quo
370 560 461 625 datur
473 562 589 644 aliquid
603 563 760 646 indigenti
775 581 819 624 ex
832 581 920 624 com-

53 640 166 725 patione
180 654 305 726 propter
319 643 435 710 Deum.
477 644 560 710 Sunt
577 657 683 712 autem
697 645 918 734 eleemosynae,

53 729 94 790 vei
112 727 292 809 spirituales,
321 729 378 792 vei
400 750 438 798 oo
476 733 589 795 orales.
644 731 827 816 Speremus
851 734 921 797 sunt

54 809 171 894 septem..
198 832 227 876 1.
246 813 434 894 Ignorantes
469 835 575 884 ocere.
617 837 649 882 a.
672 813 844 882 Consuiere
860 819 945 880 du-·

54 895 152 960 hianti.
192 916 224 980 3.
247 897 411 962 consolari
425 898 554 966 tristem.
597 921 629 984 4.
649 899 834 964 Peccantem
851 921 921 964 cor·

59 981 142 1062 rigere.
183 997 215 1064 5.
236 981 408 1046 Remittere
428 985 631 1056 offendenti..
662 985 694 1052 6.
716 985 845 1050 Portare
864 1006 920 1070 pa-

61 1063 323 1142 tienteronerosoa,
346 1064 380 1130 &
392 1087 520 1152 graves.
561 1088 592 1155 7.
611 1069 672 1136 Pro
688 1070 919 1135 omnibusota·
981 1134 997 1164 1

57 1167 86 1212 re.
130 1151 354 1237 *Eleemosynae
374 1157 544 1238 corporatos
569 1156 665 1218 etiam
691 1154 763 1220 sunt
791 1156 918 1237 septem.

54 1253 74 1294 1.
86 1231 198 1300 Poscere
214 1235 412 1302 esurientem.
439 1258 471 1302 2.
486 1237 595 1300 Potare
609 1239 776 1304 sitientem.
807 1257 838 1318 3.
854 1237 921 1301 Ve-
1010 1268 1017 1278 ·

52 1315 105 1382 stite
121 1322 250 1384 nudum.
303 1341 336 1400 4.
361 1321 558 1404 Recoliigere
580 1321 745 1406 hospitem.
787 1341 819 1402 5.
841 1320 923 1388 Visa·

50 1401 277 1470 tareinsirmum.
320 1405 351 1470 6.
376 1407 540 1472 Redimere
556 1428 591 1470 ca
614 1407 727 1474 tivum.
793 1403 920 1492 ‚Sepe-

49 1485 92 1550 iire
103 1499 269 1555 mortuum.
311 1488 419 1572 (Vede
436 1491 538 1576 Comp.
608 1539 617 1558 .
631 1500 696 1560 ta.
709 1509 730 1555 a
743 1492 776 1576 §.
785 1490 859 1556 601.
879 1487 921 1554 oti

9 1605 11 1638 ι
47 1571 126 1656 603.)
145 1575 198 1638 ubi
212 1577 253 1639 de
268 1584 427 1660 praecepto
441 1576 670 1663 eleemosynae,
701 1575 736 1640 dt
750 1571 921 1642 correstio·

46 1655 84 1721 nir
95 1657 234 1726 fraternae
253 1657 359 1726 astum
380 1661 452 1730 suit.

403 1897 414 1920 .
444 1867 526 1923 12.

65 1989 108 2068 Ut
119 1991 228 2093 igitur
252 1989 290 2068 in
305 1839 523 2090 perictioni
540 1987 759 2087 proficiendo
776 1991 916 2082 erescaf·
935 1985 1075 2064 anteo

9 2101 89 2178 'uun
116 2116 161 2168 ex
176 2115 301 2170 amore
317 2088 386 2166 Dei
402 2087 512 2165 etiam
534 2087 574 2164 in
594 2089 753 2168 charitate
766 2087 918 2191 proximi
929 2081 1066 2168 proximi
1104 2148 1106 2153 .

20 2183 236 2268 serventisiime
262 2186 403 2265 exerceri
430 2187 624 2266 debemus:
683 2191 780 2268 Nun
806 2191 917 2290 primo
931 2163 1082 2314 &w

909 2248 1070 2318 'cuod'

19 2281 43 2359 S.
50 2288 216 2390 Scriptura
230 2286 437 2367 immediate
451 2286 528 2384 post
547 2286 719 2384 primum,
752 2291 790 2368 de
804 2289 918 2366 maxi·
931 2335 1063 2420 md,

20 2403 89 2463 num
104 2389 316 2466 mandatum
328 2384 527 2466 dilectionis
543 2385 614 2462 Dei
629 2387 793 2488 adjungit
805 2385 916 2488 secan·
933 2428 1000 2486 m,
1081 2451 1084 2470 .

19 2479 69 2559 san
85 2489 183 2590 fimise
197 2489 281 2566 truie.
315 2485 448 2562 Matth.
461 2505 520 2562 22.
535 2509 570 2561 v.
584 2509 647 2580 39.
670 2487 920 2586 „Bisigespro-
955 2514 957 2519 '

18 2581 111 2661 timum
126 2598 220 2664 tuam
240 2587 320 2689 ficut
334 2577 480 2686 teipsam.
530 2581 608 2658 imo
628 2584 667 2662 in
682 2586 721 2663 S
734 2585 921 2686 Scriptura

17 2675 90 2762 scuti
115 2711 188 2764 non
208 2686 315 2764 semel
342 2684 414 2761 sosa
442 2681 683 2772 dilectione,
720 2699 763 2762 ut
784 2709 922 2786 praeee-

18 2793 92 2876 ptum
113 2786 208 2866 iltius
230 2781 519 2868 commendatur,
551 2779 604 2858 ita
623 2783 750 2862 &sola
778 2783 921 2870 dileitio
1016 2835 1022 2857 .
1148 2849 1151 2858 ,

10 2885 158 2973 'proximi
184 2900 359 2982 tanquam
374 2881 469 2958 illius
491 2879 706 2978 potiffimmn
731 2907 922 2982 argumen-

21 2987 88 3070 tum,
111 2989 147 3062 dr
165 2983 328 3060 omnium
343 2979 441 3080 quast
464 2982 718 3080 compendium
734 2985 923 3062 mandato·
972 2995 973 2998 ‘

21 3097 82 3157 rum.
109 3111 139 3162 1.
152 3083 255 3183 Joan.
270 3108 305 3175 4.
322 3103 356 3160 v.
370 3105 428 3156 21.
462 3079 536 3178 (dt
555 3081 657 3180 Joan.
676 3105 733 3176 13.
749 3107 855 3178 v.34.
883 3084 923 3174 &
1029 3096 1035 3108 “

24 3197 59 3266 15.
72 3208 101 3258 v.
115 3183 205 3280 12.)
257 3177 333 3258 Hor
349 3177 539 3253 mandatum
557 3179 743 3258 hademaro
763 3181 856 3269 Deo,
884 3187 925 3256 ui

26 3275 58 3365 qui
69 3279 171 3380 diligit
188 3279 312 3364 Deum,
339 3275 457 3378 diliget
473 3278 515 3358 t!
523 3273 791 3454 fiatisi’ssi'i’·
816 3281 923 3396 Rom.

22 3377 402 3578 aretenta.
417 3403 453 3456 v·
473 3373 929 3578 {temeritate
1037 3503 1042 3520 .

23 3565 71 3651 PP.
87 3577 123 3655 S.
137 3579 359 3678 Augustinus
376 3571 498 3752 iahia
518 3573 683 3655 Triuiae.
702 3601 736 3677 7.
759 3579 828 3658 ait:
855 3575 929 3755 essi

149 3696 158 3711 ¹
492 3699 515 3770 ³
877 3703 931 3755 rr·
