2386 4248
279 192 351 248 102
419 219 422 244 .
489 155 492 166 λ
673 154 763 242 Pari
798 161 830 241 Ι.
863 247 865 256 ,

278 333 336 452 *ss
354 327 519 434 impediri,
546 329 577 432 fi
600 327 634 404 in
645 329 781 430 petendo
802 315 1072 434 npnpersevcrai.
1136 329 1180 406 Ra

174 477 183 504 ι
278 444 397 510 tiones
410 455 506 516 vero,
531 431 703 506 curDeus
718 453 843 528 preces
859 427 1083 520 nostras‘non
1095 429 1180 508 stetin

231 563 234 570 ⁴
277 531 467 618 exaudiat,
494 532 532 606 tir
548 529 721 626 postulata
741 529 937 606 concedere
965 529 1125 615 differat,
1146 531 1180 606 sui

191 698 196 708 ,
269 632 424 728 -quidem
442 629 491 704 illi
506 641 605 703 notae
628 627 723 714 sunt,
758 629 876 704 varias
895 639 1021 704 tamen
1036 629 1075 706 S.
1086 630 1180 726 Augu

278 731 409 814 stinus,
436 731 472 804 sir
491 727 529 803 S.
541 727 810 824 Chrysostomus
829 727 1020 828 effigiant:
1057 730 1112 806 uel
1128 729 1180 826 qui

279 841 387 903 orans
405 851 469 925 pro
484 851 579 901 nunc
597 828 751 900 necdum
772 826 821 902 est
837 825 1043 924 disponens,
1068 827 1135 902 erit
1148 851 1180 900 ar

251 1011 254 1034 1
277 939 352 1002 tem
373 927 511 1025 postea,
541 926 575 1000 se
599 925 741 1002 interim
762 925 992 1024 disponendo,
1025 938 1068 1002 ut
1089 925 1180 1002 utiliu

145 1091 147 1106 .
280 1025 451 1122 accipiat:
479 1023 535 1102 vel
554 1036 670 1099 utres
690 1024 866 1122 postulata
881 1025 990 1123 pluris
1007 1025 1180 1100 aestimetu

279 1124 522 1202 &ardentius
547 1121 781 1223 desideretur:
816 1121 873 1210 vel
903 1136 947 1198 ut·
968 1123 1090 1220 potius
1118 1125 1180 1216 fide

165 1261 169 1322 ς
223 1313 226 1320 ,
279 1247 388 1322 quam
418 1222 636 1322 experientia
664 1223 862 1298 ducamur:
909 1223 966 1300 vel
991 1232 1035 1296 ut
1064 1222 1180 1300 uratior

70 1401 79 1428 Ι
155 1317 159 1334 ’
278 1325 431 1419 semper,
454 1321 652 1407 humiliter,
681 1323 830 1404 devote,
869 1319 1061 1398 &fervide
1085 1321 1180 1398 infistr

152 1435 154 1444 '
278 1422 384 1505 mus.
411 1421 633 1518 agnoscendo
652 1420 802 1518 gratiam
824 1415 910 1504 effe,
937 1443 1010 1494 non
1034 1421 1180 1496 debiturn

279 1521 378 1622 quod
395 1543 441 1593 ex
460 1543 547 1618 pura
566 1518 801 1594 misericordia
818 1519 991 1615 speratur,
1022 1519 1180 1617 promissio

196 1639 197 1643 ‘
277 1645 325 1696 ne
347 1619 490 1717 quidem
504 1619 625 1694 divina
648 1619 743 1715 spem
768 1615 922 1692 nostram
944 1619 991 1692 de
1018 1619 1180 1696 obtinendi

276 1718 402 1801 serius,
443 1731 506 1791 aut
525 1717 631 1792 citius
649 1720 830 1814 erigente;
867 1717 905 1791 in
930 1714 1107 1795 deeisrone
1126 1739 1180 1794 ver

276 1815 460 1893 mensurae
477 1833 551 1889 tam
576 1817 777 1912 qualitatis,
814 1837 923 1911 quam
952 1816 1149 1902 durationis
1171 1817 1180 1892 i

278 1918 413 1989 orando
435 1915 623 2012 ignaviam,
652 1913 889 2012 tepiditatem,
915 1915 953 1991 ἃ
970 1915 1180 2018 praesumptis

277 2013 598 2089 nem'excu'tienter
715 2037 731 2092 ,⁴
799 2026 801 2032 '
1008 2061 1015 2076 .
1179 2021 1180 2079 t

40 2185 41 2190 ’
107 2167 258 2254 Quomodo
278 2175 379 2246 Sciat.
402 2179 551 2260 Igiturin
572 2166 712 2240 oratione
728 2197 784 2258 pro
800 2178 892 2242 bonis
911 2179 1136 2269 temporalibus
1155 2201 1179 2244 vt

96 2255 230 2342 persevess
317 2265 432 2332 luntati
447 2263 506 2326 Dei
528 2283 601 2324 curn
617 2262 812 2337 submissione
828 2262 1025 2330 conformare
1046 2286 1107 2328 nos
1124 2265 1179 2328 deb

101 2339 238 2408 ruadm-
268 2340 273 2354 '
316 2365 410 2417 mus,
441 2351 566 2428 quaudo
582 2347 728 2412 exnulio
745 2346 858 2412 effeiiu
874 2349 1046 2419 videmus,
1078 2347 1135 2412 effe
1154 2371 1179 2412 vt

162 2499 167 2512 ,
317 2433 471 2496 luntatem
479 2431 549 2502 Dei,
573 2433 656 2513 quod
676 2432 833 2518 petimus3
855 2435 909 2497 vel
925 2433 1129 2516 gratitudinis
1146 2455 1179 2494 ne

196 2575 199 2580 .
317 2518 554 2586 obliviscamur,
576 2517 702 2596 quando
720 2515 871 2600 postulata
887 2515 1081 2604 pbtinemus.
1105 2518 1179 2592 Quar

316 2599 359 2664 do
379 2621 459 2666 vero
472 2601 638 2679 spiritualia
651 2601 808 2684 petimus,
839 2611 892 2663 aut
907 2604 1102 2665 tentationes
1119 2623 1134 2662 a
1150 2619 1179 2662 nr

284 2711 294 2727 ,
316 2685 366 2749 bis
385 2686 487 2748 averti
503 2703 671 2765 rogamus,
703 2705 762 2748 nec
780 2684 882 2748 statim
904 2692 1046 2766 optatum
1065 2685 1179 2749 effetiut

315 2771 468 2832 orationis
487 2770 659 2839 sentimus,
689 2765 949 2850 perseverandum
965 2768 1058 2834 est'iu
1074 2773 1179 2850 orande

316 2863 360 2918 ut*
382 2855 435 2918 vel
455 2849 581 2915 tandem
609 2855 640 2916 in
665 2853 828 2936 praemium
847 2855 1089 2934 perseverantiae
1113 2865 1179 2942 tentp

316 2941 364 3002 tio
380 2937 523 3006 tonatur,
555 2933 645 3002 vetii
663 2956 725 3000 nen
745 2937 855 3010 cesset,
877 2939 970 3002 nobie
993 2941 1179 3002 meritnmu

204 3027 206 3033 “
236 3071 238 3076 -
317 3020 425 3088 &oriae
442 3035 611 3104 augeatur:
634 3021 699 3088 imo
717 3021 799 3086 sicet
813 3041 867 3104 per
881 3031 981 3087 totam
997 3025 1102 3086 vitam
1128 3023 1175 3107 eju

166 3127 167 3132 ’
186 3119 207 3154 .·
315 3107 404 3174 modi
422 3105 592 3188 postulata,
622 3105 668 3167 uti
685 3105 891 3186 tranquillitas
909 3107 1127 3183 conscientiae,
1158 3109 1175 3172 d

269 3195 272 3206 ⁴
316 3191 408 3256 votio
432 3189 598 3264 sensibilis,
628 3187 799 3271 passionum
829 3191 986 3256 edomatio
1012 3191 1178 3256 differente

279 3327 283 3336 .
315 3291 380 3336 non
405 3274 448 3337 est
464 3277 568 3338 animo
589 3274 864 3355 (respondendum,
900 3293 972 3341 cum
987 3275 1068 3356 saepe
1087 3279 1121 3340 in
1139 3277 1178 3340 hu

316 3360 457 3427 mortis„
469 3356 504 3420 ὅτ
525 3359 643 3442 semper
659 3357 726 3440 post
738 3370 872 3424 mortem
895 3369 972 3427 vote
992 3360 1096 3423 nostra
1116 3364 1178 3426 abu

317 3441 487 3508 dantiffime
504 3443 700 3525 impleantur.
741 3439 884 3526 Denique
912 3445 1007 3506 etiam
1030 3465 1087 3524 pro
1117 3453 1178 3530 pert

238 3569 243 3578 ·
316 3529 461 3593 vetantia
474 3525 559 3592 finali
574 3527 717 3606 ingratia
731 3525 897 3616 obtinenda
913 3547 972 3609 per
989 3538 1089 3602 tptam
1110 3535 1178 3596 vita

291 3659 293 3666 ·
315 3630 404 3679 orare
419 3610 586 3682 debemusr
616 3613 690 3678 licet
713 3611 797 3680 enim
814 3611 941 3680 initium
958 3615 1115 3694 orationis
1133 3617 1170 3684 su

1027 3738 1030 3750 ⁴
1108 3755 1113 3765 r
1142 3701 1178 3771 soi
