<?xml version="1.0" encoding="UTF-8"?>
<!DOCTYPE html PUBLIC "-//W3C//DTD XHTML 1.0 Transitional//EN"
    "http://www.w3.org/TR/xhtml1/DTD/xhtml1-transitional.dtd">
<html xmlns="http://www.w3.org/1999/xhtml" xml:lang="en" lang="en">
 <head>
  <title>
</title>
<meta http-equiv="Content-Type" content="text/html;charset=utf-8" />
  <meta name='ocr-system' content='tesseract 3.04.00' />
  <meta name='ocr-capabilities' content='ocr_page ocr_carea ocr_par ocr_line ocrx_word'/>
</head>
<body>
  <div class='ocr_page' id='page_1' title='image "./dominicischrami00schrgoog_0533.png"; bbox 0 0 2442 4240; ppageno 0'>
   <div class='ocr_carea' id='block_1_1' title="bbox 253 166 1121 338">
    <p class='ocr_par' dir='ltr' id='par_1_1' title="bbox 253 166 1200 338">
     <span class='ocr_line' id='line_1_1' title="bbox 253 166 1121 338; baseline -0.004 -61"><span class='ocrx_word' id='word_1_1' title='bbox 253 265 259 277; x_wconf 91' lang='lat'><em>.</em></span> <span class='ocrx_word' id='word_1_2' title='bbox 319 206 394 338; x_wconf 58' lang='lat'><strong>5¹⁹⁶</strong></span> <span class='ocrx_word' id='word_1_3' title='bbox 416 233 450 275; x_wconf 35' lang='lat' dir='ltr'><strong>r·</strong></span> <span class='ocrx_word' id='word_1_4' title='bbox 703 191 796 276; x_wconf 79' lang='lat' dir='ltr'><strong>Pars</strong></span> <span class='ocrx_word' id='word_1_5' title='bbox 828 195 862 278; x_wconf 87' lang='lat'><strong>1.</strong></span> <span class='ocrx_word' id='word_1_6' title='bbox 1114 166 1121 190; x_wconf 61' lang='grc'><strong><em>’</em></strong></span> 
     </span>
    </p>
   </div>
   <div class='ocr_carea' id='block_1_2' title="bbox 100 359 1204 3848">
    <p class='ocr_par' dir='ltr' id='par_1_2' title="bbox 318 359 1200 470">
     <span class='ocr_line' id='line_1_2' title="bbox 318 359 1193 470; baseline -0.003 -23"><span class='ocrx_word' id='word_1_7' title='bbox 318 369 358 447; x_wconf 90' lang='lat' dir='ltr'><strong>ld</strong></span> <span class='ocrx_word' id='word_1_8' title='bbox 381 364 606 469; x_wconf 82' lang='lat' dir='ltr'><strong>quodetiam</strong></span> <span class='ocrx_word' id='word_1_9' title='bbox 630 363 792 444; x_wconf 82' lang='lat' dir='ltr'><strong>observat</strong></span> <span class='ocrx_word' id='word_1_10' title='bbox 809 359 966 444; x_wconf 83' lang='lat' dir='ltr'><strong>Alvarez</strong></span> <span class='ocrx_word' id='word_1_11' title='bbox 992 373 1020 444; x_wconf 80' lang='lat' dir='ltr'><strong>t.</strong></span> <span class='ocrx_word' id='word_1_12' title='bbox 1035 391 1068 464; x_wconf 87' lang='lat'><strong>3.</strong></span> <span class='ocrx_word' id='word_1_13' title='bbox 1093 365 1193 470; x_wconf 72' lang='lat' dir='ltr'><strong>oiispi.</strong></span> 
     </span>
    </p>

    <p class='ocr_par' dir='ltr' id='par_1_3' title="bbox 197 467 1189 669">
     <span class='ocr_line' id='line_1_3' title="bbox 197 467 1189 564; baseline 0.001 -19"><span class='ocrx_word' id='word_1_14' title='bbox 197 504 208 524; x_wconf 92' lang='lat'><strong>·</strong></span> <span class='ocrx_word' id='word_1_15' title='bbox 318 474 387 548; x_wconf 84' lang='lat' dir='ltr'><strong>i.2.</strong></span> <span class='ocrx_word' id='word_1_16' title='bbox 407 493 442 564; x_wconf 75' lang='lat' dir='ltr'><strong>pc</strong></span> <span class='ocrx_word' id='word_1_17' title='bbox 451 493 486 562; x_wconf 86' lang='lat'><strong>3.</strong></span> <span class='ocrx_word' id='word_1_18' title='bbox 506 493 533 543; x_wconf 91' lang='lat' dir='ltr'><strong>c.</strong></span> <span class='ocrx_word' id='word_1_19' title='bbox 546 475 580 544; x_wconf 83' lang='lat'><strong>6.</strong></span> <span class='ocrx_word' id='word_1_20' title='bbox 619 509 654 552; x_wconf 46' lang='lat' dir='ltr'><strong>a·</strong></span> <span class='ocrx_word' id='word_1_21' title='bbox 682 468 772 552; x_wconf 85' lang='lat' dir='ltr'><strong>Quis</strong></span> <span class='ocrx_word' id='word_1_22' title='bbox 799 483 887 544; x_wconf 90' lang='lat' dir='ltr'><strong>tunc</strong></span> <span class='ocrx_word' id='word_1_23' title='bbox 911 493 982 542; x_wconf 89' lang='lat' dir='ltr'><strong>non</strong></span> <span class='ocrx_word' id='word_1_24' title='bbox 1010 467 1189 546; x_wconf 78' lang='lat' dir='ltr'><strong>extimesrrr?</strong></span> 
     </span>
     <span class='ocr_line' id='line_1_4' title="bbox 317 565 1182 669; baseline -0.005 -25"><span class='ocrx_word' id='word_1_25' title='bbox 317 627 339 662; x_wconf 85' lang='lat'><strong>‚‚</strong></span> <span class='ocrx_word' id='word_1_26' title='bbox 366 571 448 669; x_wconf 89' lang='lat' dir='ltr'><strong>quis</strong></span> <span class='ocrx_word' id='word_1_27' title='bbox 465 591 536 644; x_wconf 89' lang='lat' dir='ltr'><strong>non</strong></span> <span class='ocrx_word' id='word_1_28' title='bbox 553 567 588 644; x_wconf 86' lang='lat' dir='ltr'><strong>se</strong></span> <span class='ocrx_word' id='word_1_29' title='bbox 603 565 790 660; x_wconf 85' lang='lat' dir='ltr'><strong>despiciat,</strong></span> <span class='ocrx_word' id='word_1_30' title='bbox 831 591 914 644; x_wconf 87' lang='lat' dir='ltr'><strong>cum</strong></span> <span class='ocrx_word' id='word_1_31' title='bbox 930 567 963 648; x_wconf 84' lang='lat' dir='ltr'><strong>[e</strong></span> <span class='ocrx_word' id='word_1_32' title='bbox 978 569 1182 665; x_wconf 78' lang='lat' dir='ltr'><strong>caliginem</strong></span> 
     </span>
    </p>

    <p class='ocr_par' dir='ltr' id='par_1_4' title="bbox 259 664 1183 764">
     <span class='ocr_line' id='line_1_5' title="bbox 259 664 1183 764; baseline -0.001 -20"><span class='ocrx_word' id='word_1_33' title='bbox 259 703 264 720; x_wconf 76' lang='lat'><em>,</em></span> <span class='ocrx_word' id='word_1_34' title='bbox 317 727 339 761; x_wconf 88' lang='lat'><strong>,‚</strong></span> <span class='ocrx_word' id='word_1_35' title='bbox 365 675 500 752; x_wconf 87' lang='lat' dir='ltr'><strong>lutum,</strong></span> <span class='ocrx_word' id='word_1_36' title='bbox 537 668 575 744; x_wconf 85' lang='lat'>&amp;</span> <span class='ocrx_word' id='word_1_37' title='bbox 591 664 710 740; x_wconf 87' lang='lat' dir='ltr'><strong>bestiis</strong></span> <span class='ocrx_word' id='word_1_38' title='bbox 726 665 887 742; x_wconf 89' lang='lat' dir='ltr'><strong>inanium</strong></span> <span class='ocrx_word' id='word_1_39' title='bbox 904 669 1183 764; x_wconf 77' lang='lat' dir='ltr'><strong>cogitationum&amp;</strong></span> 
     </span>
    </p>

    <p class='ocr_par' dir='ltr' id='par_1_5' title="bbox 316 766 1182 862">
     <span class='ocr_line' id='line_1_6' title="bbox 316 766 1126 862; baseline -0.003 -20"><span class='ocrx_word' id='word_1_40' title='bbox 316 827 339 860; x_wconf 89' lang='lat'><strong>,‚</strong></span> <span class='ocrx_word' id='word_1_41' title='bbox 365 768 556 844; x_wconf 69' lang='lat' dir='ltr'><strong>affectuum</strong></span> <span class='ocrx_word' id='word_1_42' title='bbox 582 767 617 840; x_wconf 89' lang='lat' dir='ltr'><strong>se</strong></span> <span class='ocrx_word' id='word_1_43' title='bbox 637 766 910 862; x_wconf 87' lang='lat' dir='ltr'><strong>circumseptum</strong></span> <span class='ocrx_word' id='word_1_44' title='bbox 932 769 1126 843; x_wconf 73' lang='lat' dir='ltr'><strong>advertat?</strong></span> 
     </span>
    </p>

    <p class='ocr_par' dir='ltr' id='par_1_6' title="bbox 317 864 1184 964">
     <span class='ocr_line' id='line_1_7' title="bbox 317 864 1184 964; baseline -0.006 -21"><span class='ocrx_word' id='word_1_45' title='bbox 317 883 339 960; x_wconf 71' lang='lat'><strong>‚3</strong></span> <span class='ocrx_word' id='word_1_46' title='bbox 365 869 425 943; x_wconf 89' lang='lat' dir='ltr'><strong>An</strong></span> <span class='ocrx_word' id='word_1_47' title='bbox 439 867 489 941; x_wconf 82' lang='lat' dir='ltr'><strong>est</strong></span> <span class='ocrx_word' id='word_1_48' title='bbox 505 864 637 964; x_wconf 84' lang='lat' dir='ltr'><strong>aliquid</strong></span> <span class='ocrx_word' id='word_1_49' title='bbox 652 864 831 960; x_wconf 79' lang='lat' dir='ltr'><strong>ariditatis</strong></span> <span class='ocrx_word' id='word_1_50' title='bbox 852 865 936 940; x_wconf 87' lang='lat' dir='ltr'><strong>nive</strong></span> <span class='ocrx_word' id='word_1_51' title='bbox 957 865 1118 964; x_wconf 85' lang='lat' dir='ltr'><strong>frigidius</strong></span> <span class='ocrx_word' id='word_1_52' title='bbox 1134 867 1147 942; x_wconf 74' lang='lat' dir='ltr'><strong>i</strong></span> <span class='ocrx_word' id='word_1_53' title='bbox 1163 867 1184 938; x_wconf 72' lang='lat' dir='ltr'><strong>a</strong></span> 
     </span>
    </p>

    <p class='ocr_par' dir='ltr' id='par_1_7' title="bbox 242 955 1202 1088">
     <span class='ocr_line' id='line_1_8' title="bbox 242 959 1190 1060; baseline -0.003 -17"><span class='ocrx_word' id='word_1_54' title='bbox 242 966 253 974; x_wconf 78' lang='grc'><strong>”</strong></span> <span class='ocrx_word' id='word_1_55' title='bbox 318 1025 340 1060; x_wconf 91' lang='grc'><strong>,,</strong></span> <span class='ocrx_word' id='word_1_56' title='bbox 361 993 412 1042; x_wconf 80' lang='lat' dir='ltr'><strong>en</strong></span> <span class='ocrx_word' id='word_1_57' title='bbox 429 966 606 1042; x_wconf 87' lang='lat' dir='ltr'><strong>Dominus</strong></span> <span class='ocrx_word' id='word_1_58' title='bbox 623 963 725 1041; x_wconf 90' lang='lat' dir='ltr'><strong>novit</strong></span> <span class='ocrx_word' id='word_1_59' title='bbox 747 959 814 1040; x_wconf 79' lang='lat' dir='ltr'><strong>ceu</strong></span> <span class='ocrx_word' id='word_1_60' title='bbox 830 965 910 1040; x_wconf 85' lang='lat' dir='ltr'><strong>iana</strong></span> <span class='ocrx_word' id='word_1_61' title='bbox 931 965 1190 1054; x_wconf 83' lang='lat' dir='ltr'><strong>consolationisi</strong></span> 
     </span>
    </p>

    <p class='ocr_par' dir='ltr' id='par_1_8' title="bbox 217 1063 1202 1165">
     <span class='ocr_line' id='line_1_9' title="bbox 217 1063 1202 1165; baseline -0.008 -22"><span class='ocrx_word' id='word_1_62' title='bbox 217 1113 221 1116; x_wconf 97' lang='lat'>-</span> <span class='ocrx_word' id='word_1_63' title='bbox 314 1125 339 1163; x_wconf 86' lang='lat'><em>„</em></span> <span class='ocrx_word' id='word_1_64' title='bbox 363 1080 468 1144; x_wconf 74' lang='lat' dir='ltr'><strong>veret</strong></span> <span class='ocrx_word' id='word_1_65' title='bbox 500 1089 546 1140; x_wconf 84' lang='lat' dir='ltr'><strong>an</strong></span> <span class='ocrx_word' id='word_1_66' title='bbox 565 1063 699 1165; x_wconf 86' lang='lat' dir='ltr'><strong>aliquid</strong></span> <span class='ocrx_word' id='word_1_67' title='bbox 716 1063 846 1140; x_wconf 82' lang='lat' dir='ltr'><strong>nebula</strong></span> <span class='ocrx_word' id='word_1_68' title='bbox 861 1065 1063 1150; x_wconf 82' lang='lat' dir='ltr'>obscurius,</span> <span class='ocrx_word' id='word_1_69' title='bbox 1095 1083 1202 1163; x_wconf 72' lang='lat' dir='ltr'><strong>quate</strong></span> 
     </span>
    </p>

    <p class='ocr_par' dir='ltr' id='par_1_9' title="bbox 100 1161 1203 1468">
     <span class='ocr_line' id='line_1_10' title="bbox 134 1161 1202 1266; baseline -0.007 -25"><span class='ocrx_word' id='word_1_70' title='bbox 134 1253 138 1266; x_wconf 21' lang='lat' dir='ltr'>f</span> <span class='ocrx_word' id='word_1_71' title='bbox 315 1225 338 1257; x_wconf 93' lang='lat'><strong>„</strong></span> <span class='ocrx_word' id='word_1_72' title='bbox 363 1168 511 1250; x_wconf 89' lang='lat' dir='ltr'><strong>nebras,</strong></span> <span class='ocrx_word' id='word_1_73' title='bbox 545 1163 636 1252; x_wconf 78' lang='lat' dir='ltr'><strong>lucis</strong></span> <span class='ocrx_word' id='word_1_74' title='bbox 662 1163 899 1261; x_wconf 71' lang='lat' dir='ltr'><strong>privationem</strong></span> <span class='ocrx_word' id='word_1_75' title='bbox 925 1167 1142 1242; x_wconf 76' lang='lat' dir='ltr'><strong>aemulatur?</strong></span> <span class='ocrx_word' id='word_1_76' title='bbox 1167 1161 1202 1238; x_wconf 83' lang='lat' dir='ltr'><strong>sei</strong></span> 
     </span>
     <span class='ocr_line' id='line_1_11' title="bbox 100 1263 1198 1358; baseline -0.005 -18"><span class='ocrx_word' id='word_1_77' title='bbox 100 1269 102 1276; x_wconf 85' lang='lat'>&#39;</span> <span class='ocrx_word' id='word_1_78' title='bbox 248 1294 258 1319; x_wconf 46' lang='lat' dir='ltr'>x</span> <span class='ocrx_word' id='word_1_79' title='bbox 315 1323 338 1358; x_wconf 91' lang='lat'><strong>‚,</strong></span> <span class='ocrx_word' id='word_1_80' title='bbox 364 1289 408 1340; x_wconf 85' lang='lat' dir='ltr'><strong>ea</strong></span> <span class='ocrx_word' id='word_1_81' title='bbox 433 1263 534 1342; x_wconf 90' lang='lat' dir='ltr'><strong>novit</strong></span> <span class='ocrx_word' id='word_1_82' title='bbox 567 1276 699 1340; x_wconf 86' lang='lat' dir='ltr'><strong>terram</strong></span> <span class='ocrx_word' id='word_1_83' title='bbox 731 1263 850 1340; x_wconf 90' lang='lat' dir='ltr'><strong>cordis</strong></span> <span class='ocrx_word' id='word_1_84' title='bbox 874 1265 980 1340; x_wconf 83' lang='lat' dir='ltr'><strong>nostri</strong></span> <span class='ocrx_word' id='word_1_85' title='bbox 1008 1267 1104 1342; x_wconf 86' lang='lat' dir='ltr'><strong>velut</strong></span> <span class='ocrx_word' id='word_1_86' title='bbox 1126 1265 1198 1338; x_wconf 76' lang='lat' dir='ltr'><strong>cinere</strong></span> 
     </span>
     <span class='ocr_line' id='line_1_12' title="bbox 314 1363 1199 1461; baseline -0.008 -20"><span class='ocrx_word' id='word_1_87' title='bbox 314 1423 337 1456; x_wconf 91' lang='lat'>„</span> <span class='ocrx_word' id='word_1_88' title='bbox 368 1363 572 1440; x_wconf 73' lang='lat' dir='ltr'><strong>foecundam</strong></span> <span class='ocrx_word' id='word_1_89' title='bbox 588 1363 750 1442; x_wconf 88' lang='lat' dir='ltr'><strong>reddere.</strong></span> <span class='ocrx_word' id='word_1_90' title='bbox 804 1363 865 1438; x_wconf 83' lang='lat' dir='ltr'><strong>An</strong></span> <span class='ocrx_word' id='word_1_91' title='bbox 880 1365 935 1438; x_wconf 87' lang='lat' dir='ltr'><strong>est·</strong></span> <span class='ocrx_word' id='word_1_92' title='bbox 943 1367 1113 1461; x_wconf 86' lang='lat' dir='ltr'><strong>grandine</strong></span> <span class='ocrx_word' id='word_1_93' title='bbox 1134 1365 1199 1438; x_wconf 84' lang='lat' dir='ltr'><strong>noir·</strong></span> 
     </span>
    </p>

    <p class='ocr_par' dir='ltr' id='par_1_10' title="bbox 314 1459 1198 1562">
     <span class='ocr_line' id='line_1_13' title="bbox 314 1459 1198 1562; baseline -0.006 -23"><span class='ocrx_word' id='word_1_94' title='bbox 314 1521 337 1557; x_wconf 90' lang='lat'>„</span> <span class='ocrx_word' id='word_1_95' title='bbox 363 1465 448 1540; x_wconf 86' lang='lat' dir='ltr'><strong>stius</strong></span> <span class='ocrx_word' id='word_1_96' title='bbox 467 1459 631 1561; x_wconf 73' lang='lat' dir='ltr'><strong>aliquid?</strong></span> <span class='ocrx_word' id='word_1_97' title='bbox 655 1462 712 1536; x_wconf 86' lang='lat' dir='ltr'><strong>sed</strong></span> <span class='ocrx_word' id='word_1_98' title='bbox 728 1485 769 1536; x_wconf 85' lang='lat' dir='ltr'><strong>en</strong></span> <span class='ocrx_word' id='word_1_99' title='bbox 787 1463 850 1538; x_wconf 90' lang='lat' dir='ltr'><strong>scit</strong></span> <span class='ocrx_word' id='word_1_100' title='bbox 871 1464 972 1538; x_wconf 89' lang='lat' dir='ltr'><strong>Deus</strong></span> <span class='ocrx_word' id='word_1_101' title='bbox 989 1465 1089 1562; x_wconf 79' lang='lat' dir='ltr'><strong>quast</strong></span> <span class='ocrx_word' id='word_1_102' title='bbox 1110 1462 1198 1538; x_wconf 79' lang='lat' dir='ltr'><strong>burrei</strong></span> 
     </span>
    </p>

    <p class='ocr_par' dir='ltr' id='par_1_11' title="bbox 162 1559 1204 2058">
     <span class='ocr_line' id='line_1_14' title="bbox 313 1559 1198 1662; baseline -0.008 -22"><span class='ocrx_word' id='word_1_103' title='bbox 313 1619 336 1654; x_wconf 89' lang='grc'><strong>,,</strong></span> <span class='ocrx_word' id='word_1_104' title='bbox 361 1565 404 1640; x_wconf 86' lang='lat' dir='ltr'><strong>iis</strong></span> <span class='ocrx_word' id='word_1_105' title='bbox 419 1565 528 1662; x_wconf 71' lang='lat' dir='ltr'><strong>&#39;panis</strong></span> <span class='ocrx_word' id='word_1_106' title='bbox 549 1559 732 1638; x_wconf 75' lang='lat' dir='ltr'><strong>suavissimi</strong></span> <span class='ocrx_word' id='word_1_107' title='bbox 761 1563 917 1637; x_wconf 90' lang='lat' dir='ltr'><strong>animam</strong></span> <span class='ocrx_word' id='word_1_108' title='bbox 940 1566 1083 1660; x_wconf 83' lang='lat' dir='ltr'><strong>pascere</strong></span> <span class='ocrx_word' id='word_1_109' title='bbox 1103 1573 1131 1638; x_wconf 89' lang='lat'><strong>“.</strong></span> <span class='ocrx_word' id='word_1_110' title='bbox 1175 1559 1198 1634; x_wconf 79' lang='lat' dir='ltr'><strong>Et</strong></span> 
     </span>
     <span class='ocr_line' id='line_1_15' title="bbox 312 1657 1197 1758; baseline -0.002 -16"><span class='ocrx_word' id='word_1_111' title='bbox 312 1665 490 1742; x_wconf 87' lang='lat' dir='ltr'><strong>Berniens</strong></span> <span class='ocrx_word' id='word_1_112' title='bbox 508 1661 670 1758; x_wconf 86' lang='lat' dir='ltr'><strong>Lovygni</strong></span> <span class='ocrx_word' id='word_1_113' title='bbox 692 1660 727 1736; x_wconf 91' lang='lat' dir='ltr'><strong>in</strong></span> <span class='ocrx_word' id='word_1_114' title='bbox 754 1659 815 1736; x_wconf 88' lang='lat' dir='ltr'><strong>suo</strong></span> <span class='ocrx_word' id='word_1_115' title='bbox 835 1657 950 1758; x_wconf 73' lang='lat' dir='ltr'><strong>Cirrili.</strong></span> <span class='ocrx_word' id='word_1_116' title='bbox 974 1661 1139 1739; x_wconf 74' lang='lat' dir='ltr'><strong>inter-ib.</strong></span> <span class='ocrx_word' id='word_1_117' title='bbox 1158 1673 1197 1740; x_wconf 79' lang='lat' dir='ltr'><strong>ci·</strong></span> 
     </span>
     <span class='ocr_line' id='line_1_16' title="bbox 312 1758 1204 1862; baseline -0.011 -22"><span class='ocrx_word' id='word_1_118' title='bbox 312 1765 389 1841; x_wconf 83' lang='lat' dir='ltr'><strong>ait:</strong></span> <span class='ocrx_word' id='word_1_119' title='bbox 439 1817 461 1847; x_wconf 92' lang='lat'>„</span> <span class='ocrx_word' id='word_1_120' title='bbox 494 1763 704 1858; x_wconf 84' lang='lat' dir='ltr'><strong>Compiacet</strong></span> <span class='ocrx_word' id='word_1_121' title='bbox 729 1758 790 1836; x_wconf 87' lang='lat' dir='ltr'><strong>srbi</strong></span> <span class='ocrx_word' id='word_1_122' title='bbox 817 1762 919 1862; x_wconf 85' lang='lat' dir='ltr'><strong>Deus</strong></span> <span class='ocrx_word' id='word_1_123' title='bbox 950 1765 1072 1858; x_wconf 54' lang='lat' dir='ltr'><strong>quam*</strong></span> <span class='ocrx_word' id='word_1_124' title='bbox 1095 1761 1204 1838; x_wconf 44' lang='lat' dir='ltr'><strong>marinew</strong></span> 
     </span>
     <span class='ocr_line' id='line_1_17' title="bbox 162 1857 1204 1958; baseline -0.007 -22"><span class='ocrx_word' id='word_1_125' title='bbox 162 1873 168 1886; x_wconf 85' lang='lat'><em>&#39;</em></span> <span class='ocrx_word' id='word_1_126' title='bbox 310 1918 334 1951; x_wconf 91' lang='lat'>„</span> <span class='ocrx_word' id='word_1_127' title='bbox 357 1863 532 1939; x_wconf 88' lang='lat' dir='ltr'><strong>intuendo</strong></span> <span class='ocrx_word' id='word_1_128' title='bbox 549 1861 705 1934; x_wconf 86' lang='lat' dir='ltr'><strong>animam</strong></span> <span class='ocrx_word' id='word_1_129' title='bbox 732 1859 768 1936; x_wconf 90' lang='lat' dir='ltr'><strong>in</strong></span> <span class='ocrx_word' id='word_1_130' title='bbox 794 1861 1006 1958; x_wconf 84' lang='lat' dir='ltr'><strong>hujusmodi</strong></span> <span class='ocrx_word' id='word_1_131' title='bbox 1034 1865 1121 1940; x_wconf 88' lang='lat' dir='ltr'><strong>statu</strong></span> <span class='ocrx_word' id='word_1_132' title='bbox 1141 1857 1204 1935; x_wconf 70' lang='lat' dir='ltr'><strong>niie&#39;</strong></span> 
     </span>
     <span class='ocr_line' id='line_1_18' title="bbox 309 1957 1197 2058; baseline -0.006 -23"><span class='ocrx_word' id='word_1_133' title='bbox 309 2017 334 2050; x_wconf 90' lang='lat'><strong>„</strong></span> <span class='ocrx_word' id='word_1_134' title='bbox 357 1961 451 2035; x_wconf 84' lang='lat' dir='ltr'><strong>riae:</strong></span> <span class='ocrx_word' id='word_1_135' title='bbox 484 1969 662 2034; x_wconf 80' lang='lat' dir='ltr'><strong>caeterum</strong></span> <span class='ocrx_word' id='word_1_136' title='bbox 680 1960 815 2042; x_wconf 84' lang='lat' dir='ltr'><strong>anima,</strong></span> <span class='ocrx_word' id='word_1_137' title='bbox 838 1985 933 2058; x_wconf 89' lang='lat' dir='ltr'><strong>-quae</strong></span> <span class='ocrx_word' id='word_1_138' title='bbox 950 1961 986 2036; x_wconf 91' lang='lat' dir='ltr'><strong>id</strong></span> <span class='ocrx_word' id='word_1_139' title='bbox 1002 1961 1152 2058; x_wconf 82' lang='lat' dir='ltr'><strong>ignorat,</strong></span> <span class='ocrx_word' id='word_1_140' title='bbox 1172 1957 1197 2032; x_wconf 79' lang='lat' dir='ltr'><strong>io</strong></span> 
     </span>
    </p>

    <p class='ocr_par' dir='ltr' id='par_1_12' title="bbox 281 2057 1197 2158">
     <span class='ocr_line' id='line_1_19' title="bbox 281 2057 1197 2158; baseline -0.001 -23"><span class='ocrx_word' id='word_1_141' title='bbox 281 2114 284 2124; x_wconf 80' lang='lat'><em>·</em></span> <span class='ocrx_word' id='word_1_142' title='bbox 306 2115 333 2150; x_wconf 88' lang='lat'><strong>‚,</strong></span> <span class='ocrx_word' id='word_1_143' title='bbox 358 2059 570 2156; x_wconf 86' lang='lat' dir='ltr'><strong>spicionibus</strong></span> <span class='ocrx_word' id='word_1_144' title='bbox 583 2059 694 2134; x_wconf 85' lang='lat' dir='ltr'><strong>scatet</strong></span> <span class='ocrx_word' id='word_1_145' title='bbox 703 2057 983 2158; x_wconf 83' lang='lat' dir='ltr'><strong>timoribusque:</strong></span> <span class='ocrx_word' id='word_1_146' title='bbox 1013 2062 1097 2136; x_wconf 82' lang='lat' dir='ltr'><strong>fiab</strong></span> <span class='ocrx_word' id='word_1_147' title='bbox 1113 2063 1197 2154; x_wconf 63' lang='lat' dir='ltr'><strong>illan</strong></span> 
     </span>
    </p>

    <p class='ocr_par' dir='ltr' id='par_1_13' title="bbox 308 2156 1197 2248">
     <span class='ocr_line' id='line_1_20' title="bbox 308 2156 1197 2248; baseline -0.009 -13"><span class='ocrx_word' id='word_1_148' title='bbox 308 2211 331 2248; x_wconf 87' lang='lat'>„</span> <span class='ocrx_word' id='word_1_149' title='bbox 358 2174 435 2246; x_wconf 84' lang='lat' dir='ltr'><strong>tas,</strong></span> <span class='ocrx_word' id='word_1_150' title='bbox 461 2179 549 2234; x_wconf 87' lang='lat' dir='ltr'><strong>num</strong></span> <span class='ocrx_word' id='word_1_151' title='bbox 573 2156 615 2233; x_wconf 86' lang='lat' dir='ltr'><strong>iit</strong></span> <span class='ocrx_word' id='word_1_152' title='bbox 639 2160 824 2235; x_wconf 86' lang='lat' dir='ltr'><strong>voluntate</strong></span> <span class='ocrx_word' id='word_1_153' title='bbox 838 2159 907 2234; x_wconf 87' lang='lat' dir='ltr'><strong>Dei</strong></span> <span class='ocrx_word' id='word_1_154' title='bbox 938 2159 1145 2245; x_wconf 82' lang='lat' dir='ltr'><strong>conformis,</strong></span> <span class='ocrx_word' id='word_1_155' title='bbox 1165 2177 1197 2228; x_wconf 85' lang='lat' dir='ltr'><strong>er·</strong></span> 
     </span>
    </p>

    <p class='ocr_par' dir='ltr' id='par_1_14' title="bbox 217 2257 1198 2454">
     <span class='ocr_line' id='line_1_21' title="bbox 217 2257 1197 2356; baseline -0.009 -21"><span class='ocrx_word' id='word_1_156' title='bbox 217 2259 225 2266; x_wconf 71' lang='grc'><strong>“</strong></span> <span class='ocrx_word' id='word_1_157' title='bbox 288 2291 331 2350; x_wconf 59' lang='grc'><strong>’,,</strong></span> <span class='ocrx_word' id='word_1_158' title='bbox 354 2260 488 2356; x_wconf 86' lang='lat' dir='ltr'><strong>templo</strong></span> <span class='ocrx_word' id='word_1_159' title='bbox 512 2257 710 2356; x_wconf 85' lang='lat' dir='ltr'>respondet,</span> <span class='ocrx_word' id='word_1_160' title='bbox 734 2257 787 2332; x_wconf 88' lang='lat' dir='ltr'><strong>ita</strong></span> <span class='ocrx_word' id='word_1_161' title='bbox 799 2263 956 2344; x_wconf 91' lang='lat' dir='ltr'><strong>omnino,</strong></span> <span class='ocrx_word' id='word_1_162' title='bbox 976 2265 1013 2336; x_wconf 74' lang='lat' dir='ltr'><strong>rit</strong></span> <span class='ocrx_word' id='word_1_163' title='bbox 1029 2261 1131 2337; x_wconf 87' lang='lat' dir='ltr'><strong>satius</strong></span> <span class='ocrx_word' id='word_1_164' title='bbox 1145 2274 1197 2332; x_wconf 87' lang='lat' dir='ltr'><strong>nor·</strong></span> 
     </span>
     <span class='ocr_line' id='line_1_22' title="bbox 311 2357 1198 2454; baseline -0.002 -22"><span class='ocrx_word' id='word_1_165' title='bbox 311 2371 433 2448; x_wconf 88' lang='lat' dir='ltr'><strong>„tem</strong></span> <span class='ocrx_word' id='word_1_166' title='bbox 465 2357 666 2442; x_wconf 82' lang='lat' dir='ltr'><strong>obituram,</strong></span> <span class='ocrx_word' id='word_1_167' title='bbox 711 2379 818 2454; x_wconf 90' lang='lat' dir='ltr'><strong>quam</strong></span> <span class='ocrx_word' id='word_1_168' title='bbox 845 2363 1001 2434; x_wconf 82' lang='lat' dir='ltr'><strong>deiicere</strong></span> <span class='ocrx_word' id='word_1_169' title='bbox 1026 2385 1048 2436; x_wconf 89' lang='lat' dir='ltr'><strong>a</strong></span> <span class='ocrx_word' id='word_1_170' title='bbox 1078 2357 1198 2437; x_wconf 82' lang='lat' dir='ltr'><strong>volendo</strong></span> 
     </span>
    </p>

    <p class='ocr_par' dir='ltr' id='par_1_15' title="bbox 195 2451 1198 2655">
     <span class='ocr_line' id='line_1_23' title="bbox 195 2451 1198 2556; baseline -0.005 -24"><span class='ocrx_word' id='word_1_171' title='bbox 195 2539 206 2554; x_wconf 66' lang='lat'>,</span> <span class='ocrx_word' id='word_1_172' title='bbox 306 2512 330 2548; x_wconf 89' lang='lat'>„</span> <span class='ocrx_word' id='word_1_173' title='bbox 354 2457 529 2556; x_wconf 86' lang='lat' dir='ltr'><strong>quidquid</strong></span> <span class='ocrx_word' id='word_1_174' title='bbox 547 2457 633 2534; x_wconf 89' lang='lat' dir='ltr'><strong>velit</strong></span> <span class='ocrx_word' id='word_1_175' title='bbox 647 2458 757 2532; x_wconf 85' lang='lat' dir='ltr'><strong>Deus.</strong></span> <span class='ocrx_word' id='word_1_176' title='bbox 821 2458 896 2533; x_wconf 85' lang='lat' dir='ltr'><strong>Sed</strong></span> <span class='ocrx_word' id='word_1_177' title='bbox 917 2483 1038 2556; x_wconf 84' lang='lat' dir='ltr'><strong>neque</strong></span> <span class='ocrx_word' id='word_1_178' title='bbox 1061 2459 1119 2536; x_wconf 81' lang='lat' dir='ltr'><strong>iste</strong></span> <span class='ocrx_word' id='word_1_179' title='bbox 1134 2451 1198 2548; x_wconf 80' lang='lat' dir='ltr'><strong>reig-</strong></span> 
     </span>
     <span class='ocr_line' id='line_1_24' title="bbox 305 2553 1198 2655; baseline 0 -24"><span class='ocrx_word' id='word_1_180' title='bbox 305 2611 328 2646; x_wconf 89' lang='lat'>„</span> <span class='ocrx_word' id='word_1_181' title='bbox 356 2557 511 2632; x_wconf 85' lang='lat' dir='ltr'><strong>nationis</strong></span> <span class='ocrx_word' id='word_1_182' title='bbox 538 2557 640 2632; x_wconf 72' lang='lat' dir='ltr'><strong>aeus</strong></span> <span class='ocrx_word' id='word_1_183' title='bbox 667 2557 825 2632; x_wconf 83' lang='lat' dir='ltr'><strong>extrahit</strong></span> <span class='ocrx_word' id='word_1_184' title='bbox 846 2559 939 2634; x_wconf 89' lang='lat' dir='ltr'><strong>iilam</strong></span> <span class='ocrx_word' id='word_1_185' title='bbox 967 2559 1126 2655; x_wconf 83' lang='lat' dir='ltr'><strong>apoenis</strong></span> <span class='ocrx_word' id='word_1_186' title='bbox 1143 2553 1198 2631; x_wconf 67' lang='lat' dir='ltr'><strong>rosi</strong></span> 
     </span>
    </p>

    <p class='ocr_par' dir='ltr' id='par_1_16' title="bbox 305 2657 1197 2756">
     <span class='ocr_line' id='line_1_25' title="bbox 305 2657 1197 2756; baseline -0.009 -24"><span class='ocrx_word' id='word_1_187' title='bbox 305 2709 328 2746; x_wconf 92' lang='lat'><strong>„</strong></span> <span class='ocrx_word' id='word_1_188' title='bbox 351 2657 563 2755; x_wconf 87' lang='lat' dir='ltr'><strong>quiaDeum</strong></span> <span class='ocrx_word' id='word_1_189' title='bbox 581 2657 667 2730; x_wconf 92' lang='lat' dir='ltr'><strong>dum</strong></span> <span class='ocrx_word' id='word_1_190' title='bbox 684 2671 792 2753; x_wconf 86' lang='lat' dir='ltr'><strong>amat,</strong></span> <span class='ocrx_word' id='word_1_191' title='bbox 808 2657 869 2731; x_wconf 79' lang='lat' dir='ltr'><strong>vix</strong></span> <span class='ocrx_word' id='word_1_192' title='bbox 885 2657 999 2732; x_wconf 90' lang='lat' dir='ltr'><strong>credit</strong></span> <span class='ocrx_word' id='word_1_193' title='bbox 1015 2660 1197 2756; x_wconf 81' lang='lat' dir='ltr'><strong>ipsumam</strong></span> 
     </span>
    </p>

    <p class='ocr_par' dir='ltr' id='par_1_17' title="bbox 284 2753 1197 2854">
     <span class='ocr_line' id='line_1_26' title="bbox 284 2753 1197 2854; baseline 0.001 -29"><span class='ocrx_word' id='word_1_194' title='bbox 284 2807 328 2845; x_wconf 87' lang='lat'><strong>.‚,</strong></span> <span class='ocrx_word' id='word_1_195' title='bbox 354 2780 403 2830; x_wconf 88' lang='lat' dir='ltr'><strong>re.</strong></span> <span class='ocrx_word' id='word_1_196' title='bbox 465 2755 644 2830; x_wconf 88' lang='lat' dir='ltr'>Dominus</span> <span class='ocrx_word' id='word_1_197' title='bbox 657 2756 777 2854; x_wconf 77' lang='lat' dir='ltr'><strong>¹noster</strong></span> <span class='ocrx_word' id='word_1_198' title='bbox 793 2757 839 2830; x_wconf 91' lang='lat' dir='ltr'><strong>ob</strong></span> <span class='ocrx_word' id='word_1_199' title='bbox 858 2759 1038 2832; x_wconf 75' lang='lat' dir='ltr'><strong>mirabiles</strong></span> <span class='ocrx_word' id='word_1_200' title='bbox 1059 2760 1140 2836; x_wconf 85' lang='lat' dir='ltr'><strong>fines</strong></span> <span class='ocrx_word' id='word_1_201' title='bbox 1154 2753 1197 2828; x_wconf 82' lang='lat' dir='ltr'><strong>sua</strong></span> 
     </span>
    </p>

    <p class='ocr_par' dir='ltr' id='par_1_18' title="bbox 305 2852 1197 2956">
     <span class='ocr_line' id='line_1_27' title="bbox 305 2852 1197 2956; baseline -0.004 -26"><span class='ocrx_word' id='word_1_202' title='bbox 305 2907 328 2944; x_wconf 85' lang='lat'><strong>„</strong></span> <span class='ocrx_word' id='word_1_203' title='bbox 354 2852 611 2953; x_wconf 83' lang='lat' dir='ltr'><strong>providentiae,</strong></span> <span class='ocrx_word' id='word_1_204' title='bbox 645 2877 716 2950; x_wconf 86' lang='lat' dir='ltr'><strong>qua</strong></span> <span class='ocrx_word' id='word_1_205' title='bbox 740 2857 815 2930; x_wconf 88' lang='lat' dir='ltr'><strong>vult</strong></span> <span class='ocrx_word' id='word_1_206' title='bbox 832 2853 967 2938; x_wconf 85' lang='lat' dir='ltr'><strong>facere.</strong></span> <span class='ocrx_word' id='word_1_207' title='bbox 999 2859 1096 2956; x_wconf 91' lang='lat' dir='ltr'><strong>quod</strong></span> <span class='ocrx_word' id='word_1_208' title='bbox 1116 2853 1197 2928; x_wconf 81' lang='lat' dir='ltr'><strong>anm</strong></span> 
     </span>
    </p>

    <p class='ocr_par' dir='ltr' id='par_1_19' title="bbox 302 2949 1197 3062">
     <span class='ocr_line' id='line_1_28' title="bbox 302 2949 1197 3062; baseline -0.003 -33"><span class='ocrx_word' id='word_1_209' title='bbox 302 3007 326 3042; x_wconf 85' lang='lat'><strong>‚,</strong></span> <span class='ocrx_word' id='word_1_210' title='bbox 351 2954 525 3062; x_wconf 73' lang='lat' dir='ltr'><strong>patiatur,</strong></span> <span class='ocrx_word' id='word_1_211' title='bbox 571 2955 608 3030; x_wconf 70' lang='grc' dir='ltr'><strong>ἃ</strong></span> <span class='ocrx_word' id='word_1_212' title='bbox 635 2953 807 3028; x_wconf 83' lang='lat' dir='ltr'><strong>radicitus</strong></span> <span class='ocrx_word' id='word_1_213' title='bbox 824 2956 1049 3052; x_wconf 82' lang='lat' dir='ltr'><strong>purificetur,</strong></span> <span class='ocrx_word' id='word_1_214' title='bbox 1089 2949 1197 3050; x_wconf 83' lang='lat' dir='ltr'><strong>impedit</strong></span> 
     </span>
    </p>

    <p class='ocr_par' dir='ltr' id='par_1_20' title="bbox 302 3051 1197 3154">
     <span class='ocr_line' id='line_1_29' title="bbox 302 3051 1197 3154; baseline -0.002 -26"><span class='ocrx_word' id='word_1_215' title='bbox 302 3107 326 3140; x_wconf 89' lang='lat'><strong>„</strong></span> <span class='ocrx_word' id='word_1_216' title='bbox 352 3055 526 3144; x_wconf 70' lang='lat' dir='ltr'><strong>iliam‚,ne</strong></span> <span class='ocrx_word' id='word_1_217' title='bbox 545 3051 746 3127; x_wconf 64' lang='lat' dir='ltr'><strong>refloriatur</strong></span> <span class='ocrx_word' id='word_1_218' title='bbox 764 3055 863 3148; x_wconf 79' lang='lat' dir='ltr'><strong>supra</strong></span> <span class='ocrx_word' id='word_1_219' title='bbox 878 3057 975 3130; x_wconf 89' lang='lat' dir='ltr'><strong>hunc</strong></span> <span class='ocrx_word' id='word_1_220' title='bbox 988 3057 1106 3154; x_wconf 88' lang='lat' dir='ltr'><strong>ipsum,</strong></span> <span class='ocrx_word' id='word_1_221' title='bbox 1124 3066 1197 3152; x_wconf 75' lang='lat' dir='ltr'><strong>quem</strong></span> 
     </span>
    </p>

    <p class='ocr_par' dir='ltr' id='par_1_21' title="bbox 221 3151 1197 3241">
     <span class='ocr_line' id='line_1_30' title="bbox 221 3151 1197 3241; baseline -0.004 -15"><span class='ocrx_word' id='word_1_222' title='bbox 221 3219 222 3222; x_wconf 71' lang='grc'>,</span> <span class='ocrx_word' id='word_1_223' title='bbox 300 3166 331 3241; x_wconf 85' lang='grc'><strong>,,’</strong></span> <span class='ocrx_word' id='word_1_224' title='bbox 350 3153 464 3238; x_wconf 86' lang='lat' dir='ltr'><strong>elicit,</strong></span> <span class='ocrx_word' id='word_1_225' title='bbox 502 3154 619 3227; x_wconf 74' lang='lat' dir='ltr'><strong>atium</strong></span> <span class='ocrx_word' id='word_1_226' title='bbox 638 3151 920 3240; x_wconf 66' lang='lat' dir='ltr'><strong>conformitatis,</strong></span> <span class='ocrx_word' id='word_1_227' title='bbox 957 3155 1065 3232; x_wconf 86' lang='lat' dir='ltr'><strong>itaut</strong></span> <span class='ocrx_word' id='word_1_228' title='bbox 1085 3177 1147 3230; x_wconf 90' lang='lat' dir='ltr'><strong>non</strong></span> <span class='ocrx_word' id='word_1_229' title='bbox 1166 3163 1197 3222; x_wconf 85' lang='lat' dir='ltr'><strong>tr·</strong></span> 
     </span>
    </p>

    <p class='ocr_par' dir='ltr' id='par_1_22' title="bbox 210 3242 1196 3450">
     <span class='ocr_line' id='line_1_31' title="bbox 210 3242 1196 3347; baseline -0.006 -19"><span class='ocrx_word' id='word_1_230' title='bbox 210 3259 230 3347; x_wconf 69' lang='lat' dir='ltr'><em>j</em></span> <span class='ocrx_word' id='word_1_231' title='bbox 300 3305 324 3341; x_wconf 88' lang='lat'><strong>„</strong></span> <span class='ocrx_word' id='word_1_232' title='bbox 350 3263 478 3328; x_wconf 82' lang='lat' dir='ltr'><strong>nentur</strong></span> <span class='ocrx_word' id='word_1_233' title='bbox 505 3251 577 3326; x_wconf 84' lang='lat' dir='ltr'><strong>ulla</strong></span> <span class='ocrx_word' id='word_1_234' title='bbox 606 3252 845 3343; x_wconf 72' lang='lat' dir='ltr'><strong>consolatione</strong></span> <span class='ocrx_word' id='word_1_235' title='bbox 872 3255 929 3331; x_wconf 85' lang='lat' dir='ltr'><strong>vei</strong></span> <span class='ocrx_word' id='word_1_236' title='bbox 959 3277 1004 3328; x_wconf 87' lang='lat' dir='ltr'><strong>ex</strong></span> <span class='ocrx_word' id='word_1_237' title='bbox 1030 3279 1099 3340; x_wconf 87' lang='lat' dir='ltr'><strong>eo,</strong></span> <span class='ocrx_word' id='word_1_238' title='bbox 1132 3242 1196 3346; x_wconf 83' lang='lat' dir='ltr'><strong>quod</strong></span> 
     </span>
     <span class='ocr_line' id='line_1_32' title="bbox 270 3347 1195 3450; baseline -0.005 -23"><span class='ocrx_word' id='word_1_239' title='bbox 270 3373 324 3440; x_wconf 77' lang='lat'><strong>‘„</strong></span> <span class='ocrx_word' id='word_1_240' title='bbox 347 3352 432 3428; x_wconf 83' lang='lat' dir='ltr'><strong>sciat</strong></span> <span class='ocrx_word' id='word_1_241' title='bbox 452 3349 487 3426; x_wconf 87' lang='lat' dir='ltr'><strong>se</strong></span> <span class='ocrx_word' id='word_1_242' title='bbox 513 3347 581 3424; x_wconf 82' lang='lat' dir='ltr'><strong>erse</strong></span> <span class='ocrx_word' id='word_1_243' title='bbox 607 3349 847 3427; x_wconf 84' lang='lat' dir='ltr'><strong>conformem:</strong></span> <span class='ocrx_word' id='word_1_244' title='bbox 891 3353 988 3429; x_wconf 89' lang='lat' dir='ltr'><strong>uode</strong></span> <span class='ocrx_word' id='word_1_245' title='bbox 1012 3353 1048 3428; x_wconf 94' lang='lat' dir='ltr'><strong>in</strong></span> <span class='ocrx_word' id='word_1_246' title='bbox 1077 3350 1195 3450; x_wconf 81' lang='lat' dir='ltr'><strong>quadam</strong></span> 
     </span>
    </p>

    <p class='ocr_par' dir='ltr' id='par_1_23' title="bbox 299 3443 1195 3550">
     <span class='ocr_line' id='line_1_33' title="bbox 299 3443 1195 3550; baseline -0.001 -26"><span class='ocrx_word' id='word_1_247' title='bbox 299 3504 323 3538; x_wconf 91' lang='lat'><strong>„</strong></span> <span class='ocrx_word' id='word_1_248' title='bbox 348 3449 452 3525; x_wconf 86' lang='lat' dir='ltr'><strong>totali</strong></span> <span class='ocrx_word' id='word_1_249' title='bbox 476 3449 692 3526; x_wconf 86' lang='lat' dir='ltr'><strong>desolatione</strong></span> <span class='ocrx_word' id='word_1_250' title='bbox 714 3449 832 3537; x_wconf 81' lang='lat' dir='ltr'><strong>vivit,</strong></span> <span class='ocrx_word' id='word_1_251' title='bbox 881 3455 985 3550; x_wconf 85' lang='lat' dir='ltr'><strong>piene</strong></span> <span class='ocrx_word' id='word_1_252' title='bbox 1009 3449 1154 3528; x_wconf 84' lang='lat' dir='ltr'><strong>immersa</strong></span> <span class='ocrx_word' id='word_1_253' title='bbox 1173 3443 1195 3516; x_wconf 77' lang='lat' dir='ltr'><strong>il</strong></span> 
     </span>
    </p>

    <p class='ocr_par' dir='ltr' id='par_1_24' title="bbox 298 3545 1194 3646">
     <span class='ocr_line' id='line_1_34' title="bbox 298 3545 1194 3646; baseline -0.012 -16"><span class='ocrx_word' id='word_1_254' title='bbox 298 3604 322 3637; x_wconf 81' lang='lat'><strong>‚.</strong></span> <span class='ocrx_word' id='word_1_255' title='bbox 347 3551 468 3643; x_wconf 71' lang='lat' dir='ltr'><strong>ooenie</strong></span> <span class='ocrx_word' id='word_1_256' title='bbox 496 3549 586 3626; x_wconf 85' lang='lat' dir='ltr'><strong>suis:</strong></span> <span class='ocrx_word' id='word_1_257' title='bbox 620 3571 693 3646; x_wconf 88' lang='lat' dir='ltr'><strong>quo</strong></span> <span class='ocrx_word' id='word_1_258' title='bbox 718 3571 804 3625; x_wconf 87' lang='lat' dir='ltr'><strong>vero</strong></span> <span class='ocrx_word' id='word_1_259' title='bbox 822 3573 895 3628; x_wconf 90' lang='lat' dir='ltr'><strong>non</strong></span> <span class='ocrx_word' id='word_1_260' title='bbox 918 3551 1074 3628; x_wconf 85' lang='lat' dir='ltr'><strong>obstante</strong></span> <span class='ocrx_word' id='word_1_261' title='bbox 1098 3550 1129 3625; x_wconf 87' lang='lat' dir='ltr'><strong>in</strong></span> <span class='ocrx_word' id='word_1_262' title='bbox 1148 3545 1194 3619; x_wconf 83' lang='lat' dir='ltr'><strong>hoc</strong></span> 
     </span>
    </p>

    <p class='ocr_par' dir='ltr' id='par_1_25' title="bbox 157 3639 1194 3848">
     <span class='ocr_line' id='line_1_35' title="bbox 157 3639 1194 3754; baseline -0.013 -30"><span class='ocrx_word' id='word_1_263' title='bbox 157 3687 162 3700; x_wconf 89' lang='lat'><em>·</em></span> <span class='ocrx_word' id='word_1_264' title='bbox 245 3725 246 3729; x_wconf 8' lang='grc' dir='ltr'><strong><em>Ν</em></strong></span> <span class='ocrx_word' id='word_1_265' title='bbox 296 3701 319 3740; x_wconf 83' lang='grc'><strong>,,</strong></span> <span class='ocrx_word' id='word_1_266' title='bbox 342 3651 435 3724; x_wconf 81' lang='lat' dir='ltr'><strong>statu</strong></span> <span class='ocrx_word' id='word_1_267' title='bbox 454 3645 590 3724; x_wconf 77' lang='lat' dir='ltr'><strong>affatim</strong></span> <span class='ocrx_word' id='word_1_268' title='bbox 604 3645 683 3726; x_wconf 86' lang='lat' dir='ltr'><strong>Deo</strong></span> <span class='ocrx_word' id='word_1_269' title='bbox 698 3649 839 3750; x_wconf 54' lang='lat' dir='ltr'><strong>placet,</strong></span> <span class='ocrx_word' id='word_1_270' title='bbox 861 3671 1061 3754; x_wconf 76' lang='lat' dir='ltr'><strong>quanquam</strong></span> <span class='ocrx_word' id='word_1_271' title='bbox 1075 3645 1129 3728; x_wconf 80' lang='lat' dir='ltr'><strong>ibi</strong></span> <span class='ocrx_word' id='word_1_272' title='bbox 1146 3639 1194 3718; x_wconf 80' lang='lat' dir='ltr'><strong>nl·</strong></span> 
     </span>
     <span class='ocr_line' id='line_1_36' title="bbox 297 3745 1193 3848; baseline -0.002 -24"><span class='ocrx_word' id='word_1_273' title='bbox 297 3797 322 3836; x_wconf 81' lang='grc'><strong>,,</strong></span> <span class='ocrx_word' id='word_1_274' title='bbox 347 3748 590 3848; x_wconf 79' lang='lat' dir='ltr'><strong>dedispiioeat</strong></span> <span class='ocrx_word' id='word_1_275' title='bbox 610 3757 645 3827; x_wconf 84' lang='lat'><strong>⁸⁸.</strong></span> <span class='ocrx_word' id='word_1_276' title='bbox 1122 3745 1193 3822; x_wconf 68' lang='lat' dir='ltr'><strong>Scio</strong></span> 
     </span>
    </p>
   </div>
   <div class='ocr_carea' id='block_1_3' title="bbox 0 0 1226 4240">
    <p class='ocr_par' dir='ltr' id='par_1_26' title="bbox 0 0 1226 4240">
     <span class='ocr_line' id='line_1_37' title="bbox 0 0 1226 4240; baseline 0 0"><span class='ocrx_word' id='word_1_277' title='bbox 0 0 1226 4240; x_wconf 95' lang='lat' dir='ltr'><strong> </strong></span> 
     </span>
    </p>
   </div>
  </div>
 </body>
</html>
