2406 4248
252 97 253 102 Ἰ
299 115 445 196 Βιύἱέα
461 115 643 238 spirituali,
705 199 713 210 ⁸
776 73 778 82 ·
857 143 931 216 343

49 307 132 356 mere
146 283 310 362 debemus,
330 286 382 350 sed
399 286 472 368 haeo
483 286 629 362 desideria
649 285 779 359 sollicite
794 285 931 370 probeu-
1015 282 1019 290 ’

51 384 114 446 tur,
137 393 173 434 au
189 393 229 435 ear
246 371 315 434 Deo
330 371 398 438 siut.
422 371 515 435 Unde
531 369 836 437 s.Sa1es1us·1nrrou.
855 386 889 454 p.
898 391 929 452 3.

48 479 70 524 c.
84 478 135 540 37.
166 468 298 540 monet:
345 497 366 526 ,‚
392 455 495 532 Cave,
524 444 563 520 ui
587 478 628 520 ne
649 477 752 520 novas
775 455 930 524 desideres

49 587 67 620 ‚‚
87 560 217 615 cruces,
240 539 294 604 nifi
312 541 349 602 ad
365 541 540 604 mensuram
549 545 656 614 modi,
686 563 750 624 quo
763 541 849 624 prius
871 539 928 610 ha-

47 672 65 704 „
88 629 171 696 bitae
190 627 326 688 tulerist
369 625 442 708 quia
464 627 508 690 est
540 627 649 691 abusus
681 629 713 694 in
746 627 929 710 propatulo,

48 757 66 789 „
86 713 270 792 Martyrium
286 725 457 793 exoptare,
492 712 545 792 qui
563 713 593 776 se
606 713 762 794 imparem
786 711 930 784 invenit,

49 841 68 876 „
84 800 118 860 ad
149 795 355 878 sustinendam
379 795 535 878 injuriam.
578 796 734 859 Tentator
750 796 875 864 excitat
896 797 956 879 in*
1051 818 1053 826 ’
1084 787 1089 806 ‘

52 923 71 960 „
89 881 176 945 nobis
199 881 280 962 saepe
301 900 416 961 magna
434 881 585 960 desideria
602 880 797 965 objeiiorum'
822 881 931 950 absen-

55 1007 74 1040 „
91 968 179 1040 tium,
204 983 275 1047 quae
294 975 453 1044 nunquam
469 967 631 1038 evenient,
654 989 697 1030 ex
711 965 773 1029 fine
788 965 929 1044 spiritum

55 1094 71 1126 ,‚
88 1049 272 1114 removendi
286 1049 424 1112 nolirum
445 1071 462 1110 a
476 1050 679 1134 praesentibus
694 1048 841 1133 obicitis,
857 1069 930 1129 quae
956 1045 959 1060 ⁴
1013 1059 1016 1068 '

53 1175 71 1207 η
88 1135 290 1219 quantumvis
318 1155 413 1218 parva
447 1135 603 1216 proficere.
625 1137 757 1200 multum
777 1134 929 1218 possent:

48 1219 312 1304 „congredimur
333 1220 515 1301 imaginarie
537 1240 608 1282 cum
626 1219 745 1282 Africae
769 1216 931 1292 moninio,

45 1303 112 1379 ‚,&
136 1305 355 1387 negligimus,
395 1303 551 1368 lethaliter
574 1306 611 1366 ab
635 1307 771 1382 exilibus
794 1303 932 1367 morderi

41 1429 61 1463 ,‚
82 1390 291 1474 serpentibus,
307 1408 379 1472 quae
390 1391 482 1478 invia
497 1387 597 1452 nostra
607 1399 778 1455 occurrunt
793 1385 932 1472 palltm1‘.

42 1493 69 1536 a.
90 1476 234 1552 Quando
264 1476 296 1538 in
329 1474 582 1544 tentationibus,
613 1486 666 1537 aut
693 1473 932 1560 probationibus

40 1559 209 1635 intervenit
235 1559 352 1622 malum
369 1560 470 1640 culpae
491 1559 602 1621 alienae
622 1579 657 1622 v.
680 1579 712 1642 g.
741 1560 773 1624 in
789 1560 933 1646 persecu*

40 1646 174 1710 tionibus
212 1665 235 1704 a
264 1645 352 1708 malis
386 1644 566 1706 hominibus
598 1644 719 1718 illatis,
754 1643 935 1719 cavendum

40 1729 92 1803 est,
134 1751 195 1804 ne,
240 1727 340 1790 fieus
374 1729 543 1791 defiderare
567 1732 732 1810 expediat,
768 1737 934 1812 optemus,

37 1815 117 1894 quod
143 1817 198 1878 ool
228 1812 318 1888 alit,
351 1815 406 1877 vel
429 1814 525 1875 etiam
552 1813 709 1898 permiffio
734 1815 856 1897 sutpae,
884 1811 936 1875 sed

37 1895 116 1961 solus
142 1919 189 1960 no
220 1917 258 1960 er
283 1898 317 1960 in
348 1897 543 1980 persetlione
571 1897 730 1980 proicitur
761 1899 936 1971 desideran-

36 1982 174 2054 dus‘est:
201 2001 281 2044 nam
300 1982 389 2046 sicuti
408 2002 466 2043 aon
489 1983 554 2046 litet
572 1979 673 2064 socer-e
691 1984 788 2053 malo,
817 1992 853 2044 ut
873 2001 938 2046 rvr-

36 2071 115 2132 ru'ont
136 2068 230 2142 laona,
267 2067 359 2130 Rom.
375 2084 406 2150 3.
428 2085 463 2130 v.
479 2075 510 2138 8.
574 2065 624 2130 Ita
644 2089 703 2130 nec
719 2070 801 2130 mala
818 2065 937 2130 deside*

35 2173 98 2216 rare
125 2155 225 2228 licet,
259 2161 294 2213 ut
317 2153 401 2216 bona
422 2151 495 2212 inde
518 2163 690 2232 emergant.
756 2147 940 2235 Optandum

34 2238 159 2321 itaque,
191 2238 285 2320 quod
309 2236 534 2304 contumelias,
570 2233 604 2298 &
630 2237 759 2318 injurias
787 2235 852 2318 pati
875 2235 940 2302 stne¹

35 2325 97 2386 ullo
118 2320 275 2408 proximi
298 2325 428 2404 peceato
454 2317 567 2382 lieret:
605 2321 712 2404 quodfi
736 2330 838 2382 tamen
864 2339 940 2402 pec-.

35 2421 159 2479 catum,
185 2407 281 2470 nulla
295 2425 349 2488 per
364 2408 517 2490 patientes
533 2404 603 2467 illas
621 2405 780 2468 occafione
799 2405 841 2472 „ad
862 2403 941 2466 illud

34 2496 122 2569 data,
147 2491 342 2572 contingat,
363 2491 481 2554 bonum
496 2487 556 2564 est,
570 2497 612 2550 ut
627 2491 696 2573 quis
715 2487 891 2572 permissive
911 2488 942 2556 se

32 2579 68 2640 ad
85 2589 270 2664 peecatum
283 2575 443 2646 babendo,
471 2572 525 2635 sub
539 2576 609 2635 data
630 2586 734 2636 tamen
758 2569 943 2654 praecautio·-

34 2683 71 2726 ne
91 2686 124 2728 n.
146 2684 178 2726 1.
205 2679 363 2742 magnum
382 2661 458 2724 illud
475 2658 610 2732 bonum,
643 2659 764 2722 Christo
784 2660 813 2720 se
834 2655 946 2740 alluui-

31 2750 116 2814 landi
132 2753 292 2828 exoptet.
334 2761 365 2826 3.
381 2741 590 2808 Tentationes
606 2743 688 2806 circa
706 2744 800 2815 vitia,
825 2739 858 2803 <ir
873 2759 947 2824 pecs

33 2844 100 2896 rata
116 2829 301 2916 spiritualia
314 2827 567 2914 superbiae,.irae,
591 2829 732 2902 invidiae,
755 2827 872 2889 acediae
890 2826 945 2886 de-
989 2895 993 2904 ἱ

30 2918 184 2990 fiderari,
223 2913 261 2976 ὅτ
283 2915 350 2998 peti
373 2913 515 2996 poss'uut,
549 2915 673 2994 quando
701 2935 744 2976 ex
765 2912 865 3000 gratia
886 2909 948 2975 Dei
1008 2937 1013 2946 ⁸

32 3003 181 3086 speratur
204 3003 249 3064 de
263 2998 325 3062 illis
342 2995 491 3062 visloria:
522 2997 566 3060 ita
587 3001 682 3072 docet
697 2997 729 3066 S.
745 2999 949 3062 bonaventu-

31 3110 61 3152 ra
77 3091 111 3154 in
129 3107 167 3168 4.
188 3102 282 3169 pror.
300 3079 400 3168 Relig.
417 3103 440 3147 c.
452 3102 503 3144 12.
546 3111 566 3156 ‚·,
591 3081 773 3147 Exercitare
796 3075 950 3151 tamense

1016 1463 1026 1498 l

1059 2034 1073 2105 ⁸l

34 3217 49 3246 ‚‚
70 3179 113 3238 ad
139 3187 297 3256 pugnam
313 3166 511 3249 spontaneam
531 3179 641 3230 eontra
665 3166 829 3250 spiritualia
850 3165 950 3238 uitia,
1059 3202 1062 3214 .

31 3301 48 3334 „
71 3256 253 3324 videlicet
273 3253 376 3322 iram}
406 3251 583 3326 invidiam,
617 3252 651 3315 be
674 3269 791 3315 vanam
815 3250 951 3333 gloriam
1060 3275 1062 3282 >
1103 3281 1114 3310 .

31 3389 48 3420 ,,
70 3345 143 3410 &c.
173 3336 355 3420 aliquando
372 3339 449 3400 utile
466 3332 510 3398 est
524 3336 571 3408 ei,
593 3333 646 3418 qui
660 3337 742 3402 inter
757 3337 836 3400 alios
851 3352 953 3404 mora·
997 3332 1000 3340 '

32 3472 53 3506 „
75 3431 105 3494 ri
123 3425 255 3507 eligit,
282 3422 336 3504 qui
350 3441 423 3489 eum
438 3417 680 3504 persequuntur,
712 3420 746 3483 ὅτ
767 3419 954 3489 offendunt,

32 3559 52 3590 ,‚
73 3528 113 3578 ut
133 3512 184 3574 stc
202 3505 307 3568 discat
321 3505 523 3590 patientiam:
550 3501 584 3566 ὰ
598 3505 647 3579 ai,
670 3507 724 3588 qui
747 3505 800 3570 sub
819 3503 953 3571 discreto
1025 3518 1035 3572 ,⁸
1147 3578 1151 3589 ι

33 3639 58 3682 μ
78 3591 257 3701 Magistro
272 3590 372 3667 vivit,
395 3591 450 3684 qui
465 3591 498 3658 in
515 3589 660 3683 omnibus
675 3591 793 3682 frangit
807 3590 878 3674 ejus
892 3609 956 3663 γρ.

480 3673 511 3747 Y
533 3692 577 3764 4,
812 3718 833 3761 „
854 3675 958 3743 lunta-
1012 3755 1014 3779 Ι
1055 3775 1060 3786 ι

930 3856 946 3895 b
