2386 4248
198 251 201 262 .
281 121 395 276 aab¹
665 165 815 282 Parii
900 167 904 174 “

213 397 216 404 ·
282 370 305 434 ,t
329 337 473 420 omnino
489 337 644 437 poseat
661 339 774 418 oratio
796 337 864 414 eise
890 347 1059 436 nequeat.
1083 335 1184 416 iiten

283 439 523 532 „meditatio
549 463 622 513 non
657 439 870 524 comitetur,
920 451 986 516 aut
1015 441 1184 538 praecedat.

281 537 538 617 &Antoninus
559 559 638 633 Μ.
654 533 769 637 sunm.
792 547 818 628 t.
836 562 891 611 10.
912 561 939 614 c.
950 559 984 632 5.
1034 555 1054 624 ·„
1078 537 1184 613 Nuiiu·

281 687 303 726 ‚‚
328 649 644 737 quantumcunque
665 649 862 734 occupatus
887 636 923 712 in
946 635 1079 713 attibus
1097 637 1184 712 debe

105 749 129 814 ”2
281 791 304 826 „
329 736 516 820 omitteret
529 737 633 832 ,quin
647 735 838 834 aliquando
860 748 965 826 vacet
991 737 1184 831 contempla

282 871 306 926 ,·,
330 835 434 920 tioni,
456 834 500 910 id
510 833 568 920 est.
592 831 865 932 confideretioni
878 835 1087 914 divinorum.
1116 836 1184 910 Gen

281 935 342 1014 son
363 929 592 1032 iaMyfliTia
609 930 692 1030 cons.
711 957 766 1009 11.
816 988 839 1020 ,‚
865 933 1082 1010 Dumetiam
1105 933 1184 1012 voci

281 1089 305 1124 ,‚
330 1033 510 1126 strepitus,
541 1043 605 1107 aut
627 1030 704 1108 libri
729 1032 1035 1118 deerit‘intuitus,
1067 1029 1109 1106 fit
1127 1032 1184 1130 ipi

282 1185 305 1223 ‚‚
328 1130 513 1208 meditatio
532 1127 636 1205 niens
661 1130 749 1207 iiber
768 1145 872 1217 tuus,
909 1131 951 1208 fit
975 1131 1176 1229 praedicatio

260 1283 304 1320 .‚,
329 1229 396 1308 aiio
447 1230 483 1304 io
501 1226 642 1313 videas,
663 1253 710 1304 ne
725 1230 859 1327 semper
874 1231 1010 1308 discens
1025 1251 1184 1327 nunquan

281 1371 309 1424 ,t
331 1331 378 1406 ad
417 1327 609 1427 apientiam
632 1329 819 1426 pervenias
845 1338 891 1406 “.
952 1331 1051 1410 idem
1080 1351 1184 1406 omnes

100 1411 128 1494 Ϊ
279 1429 425 1508 asceta
442 1429 583 1503 donent.
638 1402 783 1524 Quarto.
806 1427 915 1504 Ratio
932 1429 999 1516 est,
1030 1442 1105 1506 tum
1121 1427 1184 1523 quia

279 1527 354 1605 sine
368 1527 602 1606 meditatione
616 1526 926 1628 veipraecedente,
948 1529 1006 1607 vei
1028 1525 1184 1604 concomi-

279 1639 382 1704 tante
399 1626 474 1705 ⁴viu
492 1624 615 1702 haberi
641 1627 777 1721 poterit
796 1639 951 1712 attenta,
996 1628 1036 1704 dt
1061 1624 1184 1704 devotio

280 1725 396 1820 oratio
414 1723 565 1804 vocalis:
593 1736 672 1821 tum
691 1725 775 1822 quia
789 1723 860 1800 sine
879 1721 1107 1802 meditatione
1121 1743 1184 1822 pra·

280 1823 337 1899 xis
355 1823 529 1902 virtutum
542 1822 646 1907 iidei,
672 1821 756 1920 spei,
782 1824 987 1928 charitatis,
1011 1820 1184 1922 Religionis

280 1917 358 2000 &e'
384 1924 422 2000 dt
447 1920 533 2016 fuga
554 1920 723 1998 vitiorum
748 1923 809 1999 vix
835 1923 1076 2012 obtinebitur,
1109 1917 1184 2022 quoi

275 2021 336 2122 ⁸uei
359 2020 430 2117 ipio
452 2019 556 2124 obvia
580 2021 964 2117 experientia-proban
1001 2047 1088 2103 oum
1110 2020 1184 2100 enim

276 2143 405 2206 omnes
423 2115 611 2209 Christiani
628 2119 753 2195 eadem
768 2121 840 2197 tide
856 2123 1020 2207 credant,
1058 2119 1119 2200 oui
1131 2141 1183 2194 non

278 2239 407 2294 omnes
430 2215 555 2292 eadem
582 2217 653 2292 fide
669 2218 811 2304 vivunt,
844 2221 903 2296 sed
930 2233 1005 2296 tatn
1020 2220 1121 2298 multi
1135 2218 1183 2292 Pa

280 2317 363 2418 gani
377 2315 647 2400 summatibus,
673 2329 750 2393 tam
765 2320 870 2416 pauci
886 2319 993 2396 fidem
1010 2321 1105 2396 suam
1118 2337 1183 2418 ope

141 2505 144 2517 ι
278 2417 380 2500 ribus
405 2415 670 2492 demonstrant?
702 2417 805 2512 piane
825 2417 909 2516 q'uia
930 2419 1014 2494 fidei
1037 2420 1182 2498 veritates

280 2537 466 2613 nunquam
481 2526 620 2590 attente
631 2515 860 2593 meditantur.
911 2519 987 2594 Cur
1006 2519 1100 2594 inter
1110 2512 1182 2610 ipsos

238 2651 245 2678 ·
280 2615 434 2694 muitum
450 2625 596 2688 orantes
613 2637 685 2690 non
703 2616 808 2711 pauci
823 2617 860 2698 in
874 2617 965 2714 iegis
985 2611 1182 2717 adimpletio·

281 2736 330 2790 ne
347 2726 422 2789 tam
436 2711 539 2788 faciie
558 2711 748 2800 deficiunt,
777 2718 815 2791 dt
831 2729 1041 2792 oecurrente
1057 2708 1181 2792 occasio

172 2831 192 2916 J
281 2835 330 2890 ne
350 2835 373 2885 a
392 2811 605 2908 pastionibus
626 2811 664 2887 in
683 2836 846 2910 praeceps
869 2814 1126 2912 abripiuntur(
1139 2802 1181 2886 nii

275 2910 367 3009 'quia
382 2910 503 2986 setiam
518 2910 786 2987 meditationem
802 2913 996 3010 negiigunt.
1031 2912 1181 2992 Videmus

242 3035 245 3046 ¹
283 3025 381 3086 cente
405 3009 624 3085 inveteratos
650 3023 857 3106 peccatores
880 3013 1073 3111 petiolum
1105 3010 1181 3085 uiuo

282 3107 533 3183 exercitiorum
552 3107 782 3204 spitimaiium
799 3109 839 3186 S.
850 3111 976 3207 ignatii
991 3113 1029 3188 in
1049 3111 1133 3188 alios
1147 3105 1180 3182 vi·

283 3227 346 3284 eos
362 3205 622 3290 transformari,
655 3207 733 3282 &sn
753 3211 989 3286 banor'erum
1009 3211 1180 3287 divinant

284 3305 554 3382 meditationem
586 3306 747 3402 quotidie
774 3309 1012 3396 oontinuent,
1054 3310 1091 3385 in
1113 3310 1180 3384 bont

284 3402 434 3482 ieiioiter
461 3405 702 3500 perseverare,
735 3407 798 3506 qui
814 3410 895 3487 sane
972 3408 981 3426 ⁸
1022 3409 1080 3488 ‘us
1098 3399 1179 3485 medi

285 3501 433 3584 ononis
448 3501 581 3586 nouus
597 3503 658 3582 eit

1066 3711 1153 3783 Scito!-
1169 3723 1178 3766 ¹
