2416 4252
242 147 249 154 ’
315 165 370 244 m
384 159 465 243 ‘aaa
476 161 659 268 spateae.
840 189 957 266 ,455
1046 269 1050 274 ,

14 330 225 418 aminiculum
244 331 312 422 est,
343 332 459 432 juvari
476 333 761 429 per'curationem
786 329 957 424 medicam,

22 440 57 517 in
75 448 248 537 quantum
266 433 338 509 sme
356 434 525 533 periculo,
552 434 590 510 dt
607 455 690 510 cum
707 433 825 532 aliquo
839 437 957 532 prose·

24 541 79 614 eeu
94 540 265 614 humores
285 559 306 609 a
324 535 493 610 daemone
509 532 666 617 alterati,
703 535 957 632 &perturbati
995 559 1010 570 ²
1051 605 1054 622 ,

22 635 146 734 corrigi
163 633 313 734 possunt.
342 707 344 714 ,
365 632 484 710 Potest
504 631 600 706 eninr
618 632 833 729 contingere,
857 637 955 731 quod

22 739 164 812 daemon
179 734 305 810 morbo
320 733 503 831 quidema
529 732 563 806 se
580 731 699 827 illato,
723 732 782 807 sed
804 748 955 810 caetero-
1073 801 1076 808 .

26 836 106 933 quin
135 832 305 931 naturali,
335 831 390 907 uti
413 830 678 930 hypocondria,
713 832 771 906 vel
793 833 956 933 epilepfia
1023 905 1026 909 .

28 945 205 1032 torqueat:
247 930 361 1032 potest
384 931 494 1006 etiam
514 929 608 1015 fieri,
645 941 689 1005 ut
713 931 859 1007 daemon
881 959 955 1012 non

30 1033 261 1130 permittatur,
284 1027 559 1124 medicamentis
577 1027 756 1116 obfistere,
782 1034 839 1109 vel
858 1056 955 1111 mor·
1074 1065 1083 1072 ·

30 1133 104 1208 bum
125 1155 318 1217 renovare,
359 1142 423 1206 aut
439 1153 574 1206 novum
598 1127 744 1216 inferre,
763 1134 953 1223 maxime,

25 1231 48 1308 sr
74 1228 192 1308 media
214 1229 403 1330 spiritualia
420 1227 520 1305 fimnl
547 1228 804 1305 adhibeantur:
838 1235 955 1328 potest

11 1332 124 1408 etiam
144 1330 230 1418 esse,
255 1330 353 1428 quod
369 1329 471 1405 Deus
486 1326 622 1404 nonnisi
649 1328 954 1425 independenter,
1044 1355 1049 1366 “

25 1433 231 1530 &neglesta
245 1428 424 1506 medicina
437 1425 597 1503 daerrioni
613 1427 794 1526 possessum
808 1443 955 1530 torque·
1097 1509 1099 1512 ,
1131 1447 1132 1456 ’

20 1555 58 1608 re
71 1530 283 1630 permiserit,
323 1527 425 1604 srcuti
452 1526 562 1602 etiarn
577 1527 665 1603 Saul
688 1529 817 1604 melius
842 1532 956 1610 habe.
1055 1605 1061 1628 Ι

21 1631 97 1717 bat,
122 1633 160 1709 dr
179 1629 319 1728 spiritus
337 1628 453 1704 malus
470 1626 516 1702 ab
541 1649 586 1700 eo
600 1627 809 1714 recedebat,
843 1632 954 1710 Davi.

21 1732 64 1806 de
80 1731 255 1807 citharam
272 1729 449 1826 pulsante,
475 1751 548 1824 qno
564 1739 742 1804 concentu
758 1725 881 1824 pallio,
914 1736 954 1810 dt
1003 1723 1006 1740 '

21 1831 149 1908 humor
169 1826 421 1905 melancolicus
436 1825 653 1901 mitescebat.
716 1827 833 1925 Ergo,
867 1827 954 1907 non.

20 1931 127 2006 cludit
150 1927 309 2006 Valesius
339 1924 362 2002 l.
382 1951 409 2002 c.
450 1979 471 2012 „
495 1949 568 2001 non
595 1925 664 2000 erit
686 1925 822 2024 semper
845 1928 952 2018 satis,
1074 1999 1087 2012 ,

5 2083 38 2118 κ,,
61 2029 195 2130 fugasse
214 2030 435 2110 daemonem,
469 2023 544 2111 nist,
560 2025 724 2102 morbum
751 2027 859 2108 etiam
888 2035 951 2107 cn·
1072 2033 1075 2036 ’
1171 2052 1175 2070 ·

7 2167 38 2218 ¹„
60 2153 117 2206 res
133 2140 176 2205 ⁶⁶.
225 2127 295 2212 Qui
310 2124 333 2202 sr
351 2124 392 2200 fit
409 2147 472 2222 per
489 2124 705 2200 medicinam
728 2129 874 2214 omnino
896 2130 951 2208 in-
1100 2136 1109 2148 “

18 2229 197 2314 curabilis,
228 2240 309 2304 tum
326 2226 475 2302 demum
499 2221 699 2300 omittenda
720 2224 800 2301 erit.

5 2368 110 2437 ,Srhol
133 2363 412 2454 Theologipasl'rm
426 2363 644 2438 consentiunt,
672 2366 947 2435 remedianatnra·
969 2366 1122 2452 Quomodo

5 2459 6 2462 ’
56 2457 94 2518 lia
109 2456 228 2519 nullam
242 2453 357 2516 habere
370 2451 437 2518 vim
450 2448 566 2512 direste
581 2450 619 2512 ad
633 2451 817 2514 daemonum
832 2457 945 2538 expul—
961 2453 1102 2518 medicina

54 2539 189 2614 stenem,
222 2535 272 2602 sed
286 2540 325 2602 ad
341 2535 496 2600 summurn
510 2533 678 2608 indireste,
710 2532 745 2598 dr
766 2537 945 2619 dispositive
961 2535 1100 2606 adhibes·

54 2627 151 2688 modo
172 2621 268 2688 disto.
322 2621 364 2686 Et
389 2619 568 2702 Brugnolua
588 2640 621 2702 p.
632 2639 662 2685 r,
680 2639 705 2683 r.
717 2638 748 2701 3.
765 2640 793 2686 a.
803 2639 834 2701 5.
852 2642 883 2706 q.·
894 2645 944 2707 19.
960 2621 1010 2686 da.
1042 2699 1049 2711 ,

50 2707 114 2793 suc
126 2709 360 2774 monddnxorc..
369 2706 483 2769 acriter
497 2705 611 2768 merito
625 2705 860 2770 invehiturtarn
871 2729 946 2774 con·

55 2805 103 2860 tra
118 2795 281 2864 Medicas,
302 2792 356 2876 qui
371 2789 478 2874 agnita
495 2790 647 2854 daemonis
664 2787 848 2882 possessione
869 2814 947 2859 con-

57 2883 207 2954 tendunt,
238 2877 269 2942 se
283 2877 355 2941 solia
376 2885 548 2960 parantem
568 2875 737 2951 medicam,
769 2879 947 2946 daemonem

57 2965 201 3048 abigere3
230 2983 323 3046 quam
340 2955 449 3024 contra
470 2958 669 3032 Exorcistas,
703 2959 757 3044 qui
776 2961 838 3026 sese
854 2963 946 3048 inge-

57 3061 131 3116 runt
145 3049 176 3113 in
190 3048 377 3112 medicando
393 3045 554 3130 possessum
568 3045 717 3111 remediis
734 3049 946 3114 naturalibus:

55 3147 188 3218 uterque
203 3136 297 3199 debet
311 3133 489 3216 cooperati,
512 3139 609 3216 prout
626 3127 744 3212 potest,
766 3143 878 3198 uenter
891 3155 948 3202 aue
1074 3181 1078 3188 -

55 3231 118 3288 tem
136 3233 255 3286 temere
268 3219 301 3282 in
321 3217 455 3282 alienam
474 3215 599 3281 messem
617 3215 732 3281 sulcem
746 3217 882 3284 mittere.

355 3417 357 3422 ·
414 3377 449 3481 ᾗ.
474 3399 575 3458 210.³

81 3513 261 3598 Secundum
275 3510 448 3593 remedium
472 3514 522 3590 est
543 3513 703 3614 purgatio
728 3507 1125 3616 conscientia,·Secaodam
1167 3571 1170 3578 -

20 3615 238 3719 sequidem,
273 3613 298 3692 sr
322 3612 566 3713 srtpeccator,
604 3613 943 3714 perconscffionem
959 3613 1119 3715 remearem

445 3715 556 3813 Ff4
607 3723 612 3730 ’
834 3739 941 3816 gene-
955 3710 1104 3786 ΜΨ
