2442 4240
109 281 115 302 ,
173 281 203 304 „
298 205 354 288 m
379 203 450 287 aaa
461 174 731 335 parituro¹
868 205 942 305 40‘3
1005 203 1009 212 ’

38 381 195 454 verterit,
224 381 308 464 quod
327 377 394 462 pari
415 395 488 442 eum
505 356 717 448 consolatione
733 371 865 446 interna'
881 401 941 446 ex-

37 470 179 534 teriores
201 468 340 547 eorporis
356 464 482 528 dolores
504 463 644 544 ¹mitigati
666 463 804 540 fuerint,
838 469 941 532 donee

39 557 175 625 tandem
188 549 313 634 integra
326 550 439 614 sanitas
462 556 708 632 recuperaretur.
737 598 740 613 ,

392 708 442 818 §.
464 689 560 804 228.¹
600 699 604 707 ’
723 796 726 807 ,

75 844 236 934 Secundo.
262 849 454 950 Purgatio
476 852 582 930 affiva
594 851 706 949 partis
721 851 939 932 intelletiua-
954 831 1107 931 Secundus

9 959 46 1034 is
63 955 246 1054 perficitur
259 877 564 1050 perterritionem
580 951 771 1039 territerio,
798 955 859 1050 qui
875 956 937 1030 ad·
951 945 1120 1048 misem

0 1099 1 1124 r
22 1057 109 1132 star
128 1053 208 1132 solis
226 1049 373 1150 eclipfiri
397 1051 584 1150 patientis,
617 1055 773 1150 quadam
803 1055 938 1152 ingenti
951 1029 1115 1184 dmffiwt·

4 1155 218 1232 bscuritate
250 1153 287 1228 in
320 1151 454 1228 lumine
489 1152 716 1232 intenenuali
752 1153 915 1230 obruitur
928 1131 1121 1268 ’'gaam''

0 1280 72 1331 uo
98 1253 158 1340 fit,
196 1264 238 1330 ut
260 1251 408 1328 habitus
429 1249 612 1328 scientifici
639 1253 673 1328 se
702 1253 937 1340 abscondant,
966 1297 973 1312 ·
1043 1253 1052 1270 '

15 1351 195 1430 onsoiatio
223 1350 386 1436 deficiat,
434 1351 606 1428 discursus
630 1375 704 1430 non
729 1354 937 1452 concludat,

0 1453 194 1530 rudentia
219 1475 291 1526 non
310 1451 444 1534 valeat,
487 1449 770 1548 experientiam
791 1453 828 1527 in
851 1453 940 1528 obli·

4 1555 126 1640 ione,
154 1550 353 1650 ignorantia
367 1549 590 1636 dominetur,
621 1552 749 1636 dubia,
778 1551 938 1650 suspicio-
989 1567 994 1582 ’

1 1677 83 1738 nes,
112 1651 261 1747 seiupuli
279 1649 388 1731 etiam
405 1663 528 1726 contra
546 1653 679 1730 retiam
699 1651 873 1727 rationem
900 1652 955 1754 in!

1 1750 205 1851 unoquovis
224 1748 364 1846 objetto
379 1764 579 1827 occurrant.
631 1749 682 1826 Et
705 1752 949 1847 quemadmo-'

4 1856 88 1930 ium
106 1849 226 1946 fiqnis
237 1849 274 1924 in
293 1849 440 1926 obscura
458 1851 613 1947 quadam
623 1849 766 1948 viperis,
793 1852 830 1925 tr
845 1850 952 1944 soors

1 1949 167 2050 >ionibus
181 1950 285 2045 plena
304 1948 409 2046 specu
426 1949 581 2053 degens,
616 1963 771 2026 mortem
793 1948 937 2048 fingulis
1018 1949 1038 1960 ”

1 2049 196 2149 momentis
218 2062 376 2128 tremens
399 2048 595 2135 formidat,
628 2054 665 2132 .&
689 2073 773 2126 cum
803 2053 938 2128 summa

4 2151 208 2262 rfflistione,
235 2150 381 2225 horrore
390 2181 403 2234 ,·
431 2173 583 2245 pavore,
610 2151 648 2226 ot
671 2151 802 2226 timore
822 2149 939 2228 vitam

2 2253 90 2348 agit,
121 2250 172 2327 itu
198 2260 240 2324 ut
254 2270 380 2333 omne,
407 2249 504 2347 quod
528 2249 578 2324 ibi
595 2253 780 2336 movetur,
816 2249 938 2351 vipera

5 2347 56 2424 ibi
84 2349 253 2426 videatur
279 2347 390 2424 uitam
420 2369 508 2422 mox
535 2361 727 2446 ereptura,
772 2351 948 2445 adeoque*

5 2451 157 2526 naxima
174 2447 363 2524 afflittione
376 2445 574 2543 premitur:
610 2449 662 2530 ita
685 2447 718 2522 se
738 2445 938 2526 intelletius

4 2573 31 2623 n
48 2551 124 2626 hac
137 2547 362 2629 derelictione
381 2545 513 2632 habet,
539 2559 669 2644 utpote
681 2546 743 2645 qui
762 2542 857 2622 nullo
881 2548 937 2622 in-

4 2671 100 2726 :erno
127 2661 230 2722 motu
254 2647 428 2744 agitatur,
462 2645 524 2745 qui
546 2643 608 2727 fibi
634 2645 757 2748 vipera
773 2672 847 2726 nun
875 2644 936 2733 stt,
1039 2703 1043 2716 .
1124 2623 1128 2630 ¹

4 2769 141 2824 ueneno
158 2747 219 2823 suo
242 2769 327 2822 eum
347 2746 533 2822 inseitura.
953 2776 955 2789 ·

396 2919 430 3030 §u
457 2948 541 3024 229.

71 3055 200 3142 Tertio.
226 3055 397 3162 Purgatio
414 3063 543 3162 paffiaa
558 3057 669 3164 partis
688 3059 934 3143 intellettualis
955 3063 1075 3134 turtius

6 3163 178 3254 perficitur
192 3187 255 3264 per
272 3161 500 3244 duriidionem
516 3162 717 3252 voluntatis,
743 3188 829 3262 quae
841 3173 932 3240 tem·
950 3151 1054 3250 ΝΟΜ
1072 3173 1118 3253 ,W

7 3283 82 3354 pore
108 3263 345 3345 dereiittienis
368 3262 497 3340 fornax
520 3263 595 3346 est.
632 3264 669 3341 in
694 3287 767 3365 qua
791 3276 932 3350 totum,
949 3235 1029 3302 ‘im'
1067 3258 1109 3302 '⁰'

7 3365 93 3454 pund
113 3364 149 3438 in
172 3377 247 3440 tam
269 3359 423 3439 terrifica
447 3365 662 3463 purgatione
686 3363 934 3441 amarissimum
949 3339 1081 3473 m}

7 3459 62 3546 est,
89 3463 256 3540 cuditur:
290 3465 364 3538 imo
392 3459 442 3537 est
458 3464 569 3542 ueluti
585 3477 768 3549 centrum,
804 3461 936 3562 inquo
1076 3451 1087 3474 ⁸

8 3564 307 3642 innumerabilium
334 3563 522 3651 laborum,
562 3563 829 3660 angustiarum,
867 3578 937 3642 tae-

8 3655 159 3747 iiorum,
196 3661 489 3777 obstinationum,
520 3661 824 3763 indignationum,
858 3678 937 3741 ten·
1045 3680 1048 3684 ’

821 3767 930 3844 tatio·
